
    <record>
      <header>
        <identifier>oai:alma.01SSHELCOMILLRSVL:991046103569</identifier>
        <datestamp>2019-09-25T00:58:12Z</datestamp>
        <setSpec>IndexDataHoldItemPhysicalTitles</setSpec>
        <setSpec>EDS:Set01</setSpec>
        <setSpec>IndexDataHoldItem</setSpec>
      </header>
      <metadata>
        <record xmlns="http://www.loc.gov/MARC21/slim" xmlns:xsi="http://www.w3.org/2001/XMLSchema-instance" xsi:schemaLocation="http://www.loc.gov/MARC21/slim http://www.loc.gov/standards/marcxml/schema/MARC21slim.xsd" >
          <leader>01284nam a2200337 a 4500</leader>
          <controlfield tag="007">heubmb024bbca</controlfield>
          <controlfield tag="008">951101s1994    riua    bb   f000 0 eng d</controlfield>
          <controlfield tag="001">991046103569</controlfield>
          <datafield tag="035" ind1=" " ind2=" ">
            <subfield code="9">353872</subfield>
          </datafield>
          <datafield tag="035" ind1=" " ind2=" ">
            <subfield code="a">(GPO)96054937</subfield>
          </datafield>
          <datafield tag="035" ind1=" " ind2=" ">
            <subfield code="a">ocm33399667</subfield>
          </datafield>
          <datafield tag="035" ind1=" " ind2=" ">
            <subfield code="a">(PMilS)104-millerdb-Voyager</subfield>
          </datafield>
          <datafield tag="040" ind1=" " ind2=" ">
            <subfield code="a">GPO</subfield>
            <subfield code="c">GPO</subfield>
            <subfield code="d">DLC</subfield>
            <subfield code="d">MvI</subfield>
          </datafield>
          <datafield tag="049" ind1=" " ind2=" ">
            <subfield code="a">MVSK</subfield>
          </datafield>
          <datafield tag="074" ind1=" " ind2=" ">
            <subfield code="a">0408-A-02 (MF)</subfield>
          </datafield>
          <datafield tag="086" ind1="0" ind2=" ">
            <subfield code="a">D 208.210:11</subfield>
          </datafield>
          <datafield tag="245" ind1="0" ind2="0">
            <subfield code="a">Ubi sumus?</subfield>
            <subfield code="h">[microform] :</subfield>
            <subfield code="b">the state of naval and maritime history /</subfield>
            <subfield code="c">edited by John B. Hattendorf.</subfield>
          </datafield>
          <datafield tag="246" ind1="3" ind2="0">
            <subfield code="a">State of naval and maritime history</subfield>
          </datafield>
          <datafield tag="260" ind1=" " ind2=" ">
            <subfield code="a">Newport, R.I. :</subfield>
            <subfield code="b">Naval War College Press,</subfield>
            <subfield code="c">1994.</subfield>
          </datafield>
          <datafield tag="300" ind1=" " ind2=" ">
            <subfield code="a">viii, 419 p. :</subfield>
            <subfield code="b">ill. ;</subfield>
            <subfield code="c">23 cm.</subfield>
          </datafield>
          <datafield tag="490" ind1="1" ind2=" ">
            <subfield code="a">Naval War College historical monograph series ;</subfield>
            <subfield code="v">no. 11</subfield>
          </datafield>
          <datafield tag="500" ind1=" " ind2=" ">
            <subfield code="a">Distributed to depository libraries in microfiche.</subfield>
          </datafield>
          <datafield tag="500" ind1=" " ind2=" ">
            <subfield code="a">Shipping list no.: 95-0784-M.</subfield>
          </datafield>
          <datafield tag="504" ind1=" " ind2=" ">
            <subfield code="a">Includes bibliographical references.</subfield>
          </datafield>
          <datafield tag="533" ind1=" " ind2=" ">
            <subfield code="a">Microfiche.</subfield>
            <subfield code="b">[Washington, D.C.?] :</subfield>
            <subfield code="c">Supt. of Docs., U.S. G.P.O.,</subfield>
            <subfield code="d">[1995]</subfield>
            <subfield code="e">5 microfiches : negative.</subfield>
          </datafield>
          <datafield tag="650" ind1=" " ind2="0">
            <subfield code="a">Naval art and science</subfield>
            <subfield code="x">Historiography.</subfield>
          </datafield>
          <datafield tag="650" ind1=" " ind2="0">
            <subfield code="a">Naval history.</subfield>
          </datafield>
          <datafield tag="650" ind1=" " ind2="0">
            <subfield code="a">Navigation</subfield>
            <subfield code="x">Historiography.</subfield>
          </datafield>
          <datafield tag="700" ind1="1" ind2=" ">
            <subfield code="a">Hattendorf, John B.</subfield>
          </datafield>
          <datafield tag="710" ind1="2" ind2=" ">
            <subfield code="a">Naval War College (U.S.).</subfield>
            <subfield code="b">Press.</subfield>
          </datafield>
          <datafield tag="830" ind1=" " ind2="0">
            <subfield code="a">U.S. Naval War College historical monograph series ;</subfield>
            <subfield code="v">no. 11.</subfield>
          </datafield>
          <datafield tag="948" ind1=" " ind2=" ">
            <subfield code="c">GD</subfield>
            <subfield code="d">D 208.210:11</subfield>
            <subfield code="t">LGD</subfield>
          </datafield>
          <datafield tag="900" ind1="3" ind2=" ">
            <subfield code="b">MILL</subfield>
            <subfield code="d">GDMC</subfield>
            <subfield code="f">D 208.210:11</subfield>
            <subfield code="8">2220343540003569</subfield>
          </datafield>
        </record>
      </metadata>
    </record>