
    <record>
      <header>
        <identifier>oai:alma.01SSHELCOMILLRSVL:993966103569</identifier>
        <datestamp>2019-09-25T00:58:12Z</datestamp>
        <setSpec>IndexDataHoldItemPhysicalTitles</setSpec>
        <setSpec>EDS:Set01</setSpec>
        <setSpec>IndexDataHoldItem</setSpec>
      </header>
      <metadata>
        <record xmlns="http://www.loc.gov/MARC21/slim" xmlns:xsi="http://www.w3.org/2001/XMLSchema-instance" xsi:schemaLocation="http://www.loc.gov/MARC21/slim http://www.loc.gov/standards/marcxml/schema/MARC21slim.xsd" >
          <leader>01076cam a22003378a 4500</leader>
          <controlfield tag="005">20131024131356.0</controlfield>
          <controlfield tag="008">850709s1985    miu      b    001 0deng  </controlfield>
          <controlfield tag="001">993966103569</controlfield>
          <datafield tag="010" ind1=" " ind2=" ">
            <subfield code="a">   85015990 </subfield>
          </datafield>
          <datafield tag="020" ind1=" " ind2=" ">
            <subfield code="a">0810317206</subfield>
          </datafield>
          <datafield tag="035" ind1=" " ind2=" ">
            <subfield code="9">186754</subfield>
          </datafield>
          <datafield tag="035" ind1=" " ind2=" ">
            <subfield code="a">ocm12315340</subfield>
          </datafield>
          <datafield tag="035" ind1=" " ind2=" ">
            <subfield code="a">396</subfield>
          </datafield>
          <datafield tag="035" ind1=" " ind2=" ">
            <subfield code="a">(PMilS)396-millerdb-Voyager</subfield>
          </datafield>
          <datafield tag="040" ind1=" " ind2=" ">
            <subfield code="a">DLC</subfield>
            <subfield code="c">DLC</subfield>
            <subfield code="d">MVS</subfield>
          </datafield>
          <datafield tag="043" ind1=" " ind2=" ">
            <subfield code="a">n-us---</subfield>
          </datafield>
          <datafield tag="049" ind1=" " ind2=" ">
            <subfield code="a">MVSR</subfield>
          </datafield>
          <datafield tag="050" ind1="0" ind2=" ">
            <subfield code="a">PS490</subfield>
            <subfield code="b">.A44 1985</subfield>
          </datafield>
          <datafield tag="082" ind1="0" ind2=" ">
            <subfield code="a">810/.9/9282</subfield>
            <subfield code="2">19</subfield>
          </datafield>
          <datafield tag="092" ind1=" " ind2=" ">
            <subfield code="a">928</subfield>
            <subfield code="b">A512, v.42</subfield>
          </datafield>
          <datafield tag="245" ind1="0" ind2="0">
            <subfield code="a">American writers for children before 1900 /</subfield>
            <subfield code="c">edited by Glenn E. Estes.</subfield>
          </datafield>
          <datafield tag="260" ind1=" " ind2=" ">
            <subfield code="a">Detroit, MI :</subfield>
            <subfield code="b">Gale Research Co.,</subfield>
            <subfield code="c">1985.</subfield>
          </datafield>
          <datafield tag="263" ind1=" " ind2=" ">
            <subfield code="a">8510</subfield>
          </datafield>
          <datafield tag="300" ind1=" " ind2=" ">
            <subfield code="a">xiii, 441 p. :</subfield>
            <subfield code="b">ill. port. ;</subfield>
            <subfield code="c">29 cm.</subfield>
          </datafield>
          <datafield tag="490" ind1="1" ind2=" ">
            <subfield code="a">Dictionary of literary biography ;</subfield>
            <subfield code="v">v. 42</subfield>
          </datafield>
          <datafield tag="500" ind1=" " ind2=" ">
            <subfield code="a">"A Bruccoli Clark book."</subfield>
          </datafield>
          <datafield tag="500" ind1=" " ind2=" ">
            <subfield code="a">Includes index.</subfield>
          </datafield>
          <datafield tag="650" ind1=" " ind2="0">
            <subfield code="a">Children's literature, American</subfield>
            <subfield code="x">History and criticism.</subfield>
          </datafield>
          <datafield tag="650" ind1=" " ind2="0">
            <subfield code="a">Children's literature, American</subfield>
            <subfield code="v">Bio-bibliography.</subfield>
          </datafield>
          <datafield tag="650" ind1=" " ind2="0">
            <subfield code="a">Authors, American</subfield>
            <subfield code="y">19th century</subfield>
            <subfield code="v">Biography</subfield>
            <subfield code="v">Dictionaries.</subfield>
          </datafield>
          <datafield tag="700" ind1="1" ind2=" ">
            <subfield code="a">Estes, Glenn E.</subfield>
          </datafield>
          <datafield tag="830" ind1=" " ind2="0">
            <subfield code="a">Dictionary of literary biography ;</subfield>
            <subfield code="v">v. 42.</subfield>
          </datafield>
          <datafield tag="900" ind1="0" ind2=" ">
            <subfield code="b">MILL</subfield>
            <subfield code="d">B</subfield>
            <subfield code="f">PS490</subfield>
            <subfield code="f">.A44 1985</subfield>
            <subfield code="8">2220320260003569</subfield>
          </datafield>
          <datafield tag="995" ind1=" " ind2=" ">
            <subfield code="ff">2220320260003569</subfield>
            <subfield code="u">1</subfield>
            <subfield code="j">0</subfield>
            <subfield code="aa">B</subfield>
            <subfield code="t">BOOK</subfield>
            <subfield code="s">33151001865775</subfield>
            <subfield code="z">B</subfield>
            <subfield code="q">ON_RESERVE: N | RESERVE_CHARGES: 0 | RECALLS_PLACED: 0 | HOLDS_PLACED: 0 | HISTORICAL_BOOKINGS: 0 | SHORT_LOAN_CHARGES: 0 | </subfield>
            <subfield code="a">2320320250003569</subfield>
            <subfield code="c">B</subfield>
            <subfield code="bb">PS490 .A44 1985</subfield>
            <subfield code="v">false</subfield>
            <subfield code="b">0</subfield>
            <subfield code="r">Suppressed for Renovation</subfield>
            <subfield code="h">MILL</subfield>
            <subfield code="i">MILL</subfield>
          </datafield>
        </record>
      </metadata>
    </record>