
    <record>
      <header>
        <identifier>oai:alma.01SSHELCOMILLRSVL:995006103569</identifier>
        <datestamp>2019-09-25T00:58:12Z</datestamp>
        <setSpec>IndexDataHoldItemPhysicalTitles</setSpec>
        <setSpec>EDS:Set01</setSpec>
        <setSpec>IndexDataHoldItem</setSpec>
      </header>
      <metadata>
        <record xmlns="http://www.loc.gov/MARC21/slim" xmlns:xsi="http://www.w3.org/2001/XMLSchema-instance" xsi:schemaLocation="http://www.loc.gov/MARC21/slim http://www.loc.gov/standards/marcxml/schema/MARC21slim.xsd" >
          <leader>01169cam a2200289Ii 4500</leader>
          <controlfield tag="005">20130826120216.0</controlfield>
          <controlfield tag="007">heuuuu---uuuu</controlfield>
          <controlfield tag="008">790122s1838    pau           000 0 ger d</controlfield>
          <controlfield tag="001">995006103569</controlfield>
          <datafield tag="035" ind1=" " ind2=" ">
            <subfield code="9">354076</subfield>
          </datafield>
          <datafield tag="035" ind1=" " ind2=" ">
            <subfield code="a">ocm04571224</subfield>
          </datafield>
          <datafield tag="035" ind1=" " ind2=" ">
            <subfield code="a">500</subfield>
          </datafield>
          <datafield tag="035" ind1=" " ind2=" ">
            <subfield code="a">(PMilS)500-millerdb-Voyager</subfield>
          </datafield>
          <datafield tag="040" ind1=" " ind2=" ">
            <subfield code="a">PJU</subfield>
            <subfield code="c">PJU</subfield>
          </datafield>
          <datafield tag="041" ind1="1" ind2=" ">
            <subfield code="a">gereng</subfield>
          </datafield>
          <datafield tag="049" ind1=" " ind2=" ">
            <subfield code="a">MVSE</subfield>
          </datafield>
          <datafield tag="090" ind1=" " ind2=" ">
            <subfield code="a">Z240.P45</subfield>
            <subfield code="b">S34 K46x 1838</subfield>
          </datafield>
          <datafield tag="092" ind1=" " ind2=" ">
            <subfield code="a">093</subfield>
            <subfield code="b">PS322, 1838</subfield>
          </datafield>
          <datafield tag="100" ind1="1" ind2=" ">
            <subfield code="a">Kenrick, William,</subfield>
            <subfield code="d">1789-1872.</subfield>
          </datafield>
          <datafield tag="240" ind1="1" ind2="0">
            <subfield code="a">American silk grower's guide.</subfield>
            <subfield code="l">German</subfield>
          </datafield>
          <datafield tag="245" ind1="1" ind2="4">
            <subfield code="a">Des Americanischen Seidebauers Anweisung :</subfield>
            <subfield code="b">oder, die Kunst den Maulbeer-Baum und die Seide zu ziehen.  Nach dem System von mehreren aufeinander folgenden Ernten waehrend einer jeden Jahrszeit. /</subfield>
            <subfield code="c">Aus dem Englischen in's Deutsche uebersetzt mit hinzugefuegten Bemerkungen. Und das Ganze mit einem interessanten Anhang versehen durch Joel Schelly.</subfield>
          </datafield>
          <datafield tag="260" ind1=" " ind2=" ">
            <subfield code="a">Philadelphia :</subfield>
            <subfield code="b">Gedruckt bey Edmund Y. Schelly ,</subfield>
            <subfield code="c">l838.</subfield>
          </datafield>
          <datafield tag="300" ind1=" " ind2=" ">
            <subfield code="a">viii, 103, [1] p. (last blank) ;</subfield>
            <subfield code="c">18cm.</subfield>
          </datafield>
          <datafield tag="510" ind1="4" ind2=" ">
            <subfield code="a">American imprints</subfield>
            <subfield code="c">51116.</subfield>
          </datafield>
          <datafield tag="650" ind1=" " ind2="0">
            <subfield code="a">Sericulture</subfield>
            <subfield code="z">United States.</subfield>
          </datafield>
          <datafield tag="650" ind1=" " ind2="0">
            <subfield code="a">Mulberry.</subfield>
          </datafield>
          <datafield tag="700" ind1="1" ind2=" ">
            <subfield code="a">Schelly, Joel,</subfield>
            <subfield code="d">1807-1880.</subfield>
          </datafield>
          <datafield tag="710" ind1="2" ind2=" ">
            <subfield code="a">Edmund Y. Schelly</subfield>
            <subfield code="c">Philadelphia, Pa.</subfield>
            <subfield code="f">1838.</subfield>
          </datafield>
          <datafield tag="900" ind1="0" ind2=" ">
            <subfield code="b">MILL</subfield>
            <subfield code="d">SCRB</subfield>
            <subfield code="f">Z240.P45</subfield>
            <subfield code="f">S34 K46x 1838</subfield>
            <subfield code="8">2220306900003569</subfield>
          </datafield>
          <datafield tag="995" ind1=" " ind2=" ">
            <subfield code="ff">2220306900003569</subfield>
            <subfield code="u">1</subfield>
            <subfield code="j">0</subfield>
            <subfield code="aa">SCRB</subfield>
            <subfield code="t">MICROFORM</subfield>
            <subfield code="s">33151006585659</subfield>
            <subfield code="z">SCRB</subfield>
            <subfield code="q">ON_RESERVE: N | RESERVE_CHARGES: 0 | RECALLS_PLACED: 0 | HOLDS_PLACED: 0 | HISTORICAL_BOOKINGS: 0 | SHORT_LOAN_CHARGES: 0 | </subfield>
            <subfield code="a">2320306890003569</subfield>
            <subfield code="c">SCRB</subfield>
            <subfield code="bb">Z240.P45 S34 K46x 1838</subfield>
            <subfield code="v">false</subfield>
            <subfield code="b">0</subfield>
            <subfield code="r">Suppressed for Renovation</subfield>
            <subfield code="h">MILL</subfield>
            <subfield code="i">MILL</subfield>
          </datafield>
        </record>
      </metadata>
    </record>