
    <record>
      <header>
        <identifier>oai:alma.01SSHELCOMILLRSVL:995516103569</identifier>
        <datestamp>2019-09-25T00:58:12Z</datestamp>
        <setSpec>IndexDataHoldItemPhysicalTitles</setSpec>
        <setSpec>EDS:Set01</setSpec>
        <setSpec>IndexDataHoldItem</setSpec>
      </header>
      <metadata>
        <record xmlns="http://www.loc.gov/MARC21/slim" xmlns:xsi="http://www.w3.org/2001/XMLSchema-instance" xsi:schemaLocation="http://www.loc.gov/MARC21/slim http://www.loc.gov/standards/marcxml/schema/MARC21slim.xsd" >
          <leader>01292pam a2200373 a 4500</leader>
          <controlfield tag="005">20130823025457.0</controlfield>
          <controlfield tag="008">941013s1995    nyua          000 0aeng  </controlfield>
          <controlfield tag="001">995516103569</controlfield>
          <datafield tag="010" ind1=" " ind2=" ">
            <subfield code="a">   94041379 </subfield>
          </datafield>
          <datafield tag="020" ind1=" " ind2=" ">
            <subfield code="a">0385473788</subfield>
          </datafield>
          <datafield tag="035" ind1=" " ind2=" ">
            <subfield code="9">354108</subfield>
          </datafield>
          <datafield tag="035" ind1=" " ind2=" ">
            <subfield code="a">ocm31411479</subfield>
          </datafield>
          <datafield tag="035" ind1=" " ind2=" ">
            <subfield code="a">(PMilS)551-millerdb-Voyager</subfield>
          </datafield>
          <datafield tag="040" ind1=" " ind2=" ">
            <subfield code="a">DLC</subfield>
            <subfield code="c">DLC</subfield>
            <subfield code="d">MVS</subfield>
          </datafield>
          <datafield tag="041" ind1="1" ind2=" ">
            <subfield code="a">eng</subfield>
            <subfield code="h">dut</subfield>
          </datafield>
          <datafield tag="043" ind1=" " ind2=" ">
            <subfield code="a">e-ne---</subfield>
          </datafield>
          <datafield tag="049" ind1=" " ind2=" ">
            <subfield code="a">MVSS</subfield>
          </datafield>
          <datafield tag="050" ind1="0" ind2="0">
            <subfield code="a">DS135.N6</subfield>
            <subfield code="b">F73313 1995</subfield>
          </datafield>
          <datafield tag="082" ind1="0" ind2="0">
            <subfield code="a">940.53/18/092</subfield>
            <subfield code="2">20</subfield>
          </datafield>
          <datafield tag="092" ind1=" " ind2=" ">
            <subfield code="a">940.5318092</subfield>
            <subfield code="b">F851d</subfield>
          </datafield>
          <datafield tag="100" ind1="1" ind2=" ">
            <subfield code="a">Frank, Anne,</subfield>
            <subfield code="d">1929-1945.</subfield>
          </datafield>
          <datafield tag="240" ind1="1" ind2="0">
            <subfield code="a">Achterhuis.</subfield>
            <subfield code="l">English</subfield>
          </datafield>
          <datafield tag="245" ind1="1" ind2="4">
            <subfield code="a">The diary of a young girl :</subfield>
            <subfield code="b">the definitive edition /</subfield>
            <subfield code="c">Anne Frank ; edited by Otto H. Frank and Mirjam Pressler ; translated by Susan Massotty.</subfield>
          </datafield>
          <datafield tag="250" ind1=" " ind2=" ">
            <subfield code="a">[1st ed. in the U.S.A.]</subfield>
          </datafield>
          <datafield tag="260" ind1=" " ind2=" ">
            <subfield code="a">New York :</subfield>
            <subfield code="b">Doubleday,</subfield>
            <subfield code="c">c1995.</subfield>
          </datafield>
          <datafield tag="300" ind1=" " ind2=" ">
            <subfield code="a">viii, 340 p., [8] p. of plates :</subfield>
            <subfield code="b">ill. ;</subfield>
            <subfield code="c">22 cm.</subfield>
          </datafield>
          <datafield tag="500" ind1=" " ind2=" ">
            <subfield code="a">Diary on lining papers.</subfield>
          </datafield>
          <datafield tag="600" ind1="1" ind2="0">
            <subfield code="a">Frank, Anne,</subfield>
            <subfield code="d">1929-1945</subfield>
            <subfield code="v">Diaries.</subfield>
          </datafield>
          <datafield tag="650" ind1=" " ind2="0">
            <subfield code="a">Holocaust, Jewish (1939-1945)</subfield>
            <subfield code="z">Netherlands</subfield>
            <subfield code="z">Amsterdam</subfield>
            <subfield code="v">Personal narratives.</subfield>
          </datafield>
          <datafield tag="650" ind1=" " ind2="0">
            <subfield code="a">Jews</subfield>
            <subfield code="x">Persecutions</subfield>
            <subfield code="z">Netherlands</subfield>
            <subfield code="z">Amsterdam.</subfield>
          </datafield>
          <datafield tag="650" ind1=" " ind2="0">
            <subfield code="a">Jews</subfield>
            <subfield code="z">Netherlands</subfield>
            <subfield code="z">Amsterdam</subfield>
            <subfield code="v">Diaries.</subfield>
          </datafield>
          <datafield tag="651" ind1=" " ind2="0">
            <subfield code="a">Amsterdam (Netherlands)</subfield>
            <subfield code="x">Ethnic relations.</subfield>
          </datafield>
          <datafield tag="700" ind1="1" ind2=" ">
            <subfield code="a">Frank, Otto,</subfield>
            <subfield code="d">1889-1980.</subfield>
          </datafield>
          <datafield tag="700" ind1="1" ind2=" ">
            <subfield code="a">Pressler, Mirjam.</subfield>
          </datafield>
          <datafield tag="700" ind1="1" ind2=" ">
            <subfield code="a">Massotty, Susan.</subfield>
          </datafield>
          <datafield tag="900" ind1="0" ind2=" ">
            <subfield code="b">MILL</subfield>
            <subfield code="d">B</subfield>
            <subfield code="f">DS135.N6</subfield>
            <subfield code="f">F73313 1995</subfield>
            <subfield code="8">2220339690003569</subfield>
          </datafield>
          <datafield tag="995" ind1=" " ind2=" ">
            <subfield code="ff">2220339690003569</subfield>
            <subfield code="u">1</subfield>
            <subfield code="j">0</subfield>
            <subfield code="aa">B</subfield>
            <subfield code="t">BOOK</subfield>
            <subfield code="s">33151006588497</subfield>
            <subfield code="z">B</subfield>
            <subfield code="q">ON_RESERVE: N | RESERVE_CHARGES: 0 | RECALLS_PLACED: 0 | HOLDS_PLACED: 0 | HISTORICAL_BOOKINGS: 0 | SHORT_LOAN_CHARGES: 0 | </subfield>
            <subfield code="a">2320339680003569</subfield>
            <subfield code="c">B</subfield>
            <subfield code="bb">DS135.N6 F73313 1995</subfield>
            <subfield code="v">false</subfield>
            <subfield code="b">0</subfield>
            <subfield code="r">Suppressed for Renovation</subfield>
            <subfield code="h">MILL</subfield>
            <subfield code="i">MILL</subfield>
          </datafield>
        </record>
      </metadata>
    </record>