
    <record>
      <header>
        <identifier>oai:alma.01SSHELCOMILLRSVL:99826103569</identifier>
        <datestamp>2019-09-25T00:58:12Z</datestamp>
        <setSpec>IndexDataHoldItemPhysicalTitles</setSpec>
        <setSpec>EDS:Set01</setSpec>
        <setSpec>IndexDataHoldItem</setSpec>
        <setSpec>EDS:Set03</setSpec>
      </header>
      <metadata>
        <record xmlns="http://www.loc.gov/MARC21/slim" xmlns:xsi="http://www.w3.org/2001/XMLSchema-instance" xsi:schemaLocation="http://www.loc.gov/MARC21/slim http://www.loc.gov/standards/marcxml/schema/MARC21slim.xsd" >
          <leader>04410cam a2200721 a 4500</leader>
          <controlfield tag="005">20131024143007.0</controlfield>
          <controlfield tag="008">951030s1995    mdua     bf  f100 0 eng d</controlfield>
          <controlfield tag="001">99826103569</controlfield>
          <datafield tag="010" ind1=" " ind2=" ">
            <subfield code="a">   95227849 </subfield>
          </datafield>
          <datafield tag="016" ind1="7" ind2=" ">
            <subfield code="a">9605589</subfield>
            <subfield code="2">DNLM</subfield>
          </datafield>
          <datafield tag="019" ind1=" " ind2=" ">
            <subfield code="a">221850156</subfield>
            <subfield code="a">223175107</subfield>
          </datafield>
          <datafield tag="020" ind1=" " ind2=" ">
            <subfield code="a">0160483352</subfield>
          </datafield>
          <datafield tag="020" ind1=" " ind2=" ">
            <subfield code="a">9780160483356</subfield>
          </datafield>
          <datafield tag="029" ind1="1" ind2=" ">
            <subfield code="a">NLM</subfield>
            <subfield code="b">9605589</subfield>
          </datafield>
          <datafield tag="029" ind1="1" ind2=" ">
            <subfield code="a">NLGGC</subfield>
            <subfield code="b">152286780</subfield>
          </datafield>
          <datafield tag="029" ind1="1" ind2=" ">
            <subfield code="a">NZ1</subfield>
            <subfield code="b">4740178</subfield>
          </datafield>
          <datafield tag="029" ind1="1" ind2=" ">
            <subfield code="a">AU@</subfield>
            <subfield code="b">000012136242</subfield>
          </datafield>
          <datafield tag="029" ind1="1" ind2=" ">
            <subfield code="a">AU@</subfield>
            <subfield code="b">000011994833</subfield>
          </datafield>
          <datafield tag="029" ind1="1" ind2=" ">
            <subfield code="a">AU@</subfield>
            <subfield code="b">000023369280</subfield>
          </datafield>
          <datafield tag="035" ind1=" " ind2=" ">
            <subfield code="a">(OCoLC)ocm33391502</subfield>
          </datafield>
          <datafield tag="035" ind1=" " ind2=" ">
            <subfield code="a">(OCoLC)33391502</subfield>
            <subfield code="z">(OCoLC)221850156</subfield>
            <subfield code="z">(OCoLC)223175107</subfield>
          </datafield>
          <datafield tag="035" ind1=" " ind2=" ">
            <subfield code="a">82</subfield>
          </datafield>
          <datafield tag="035" ind1=" " ind2=" ">
            <subfield code="a">(PMilS)82-millerdb-Voyager</subfield>
          </datafield>
          <datafield tag="035" ind1=" " ind2=" ">
            <subfield code="z">(OCoLC)221850156</subfield>
            <subfield code="z">(OCoLC)223175107</subfield>
          </datafield>
          <datafield tag="037" ind1=" " ind2=" ">
            <subfield code="a">017-024-01585-7</subfield>
            <subfield code="b">GPO</subfield>
          </datafield>
          <datafield tag="040" ind1=" " ind2=" ">
            <subfield code="a">MSC</subfield>
            <subfield code="c">DLC</subfield>
            <subfield code="d">NKT</subfield>
            <subfield code="d">COU</subfield>
            <subfield code="d">GPO</subfield>
            <subfield code="d">TXJ</subfield>
            <subfield code="d">NLM</subfield>
            <subfield code="d">OCLCQ</subfield>
            <subfield code="d">GPO</subfield>
            <subfield code="d">BTCTA</subfield>
            <subfield code="d">SYB</subfield>
            <subfield code="d">GPM</subfield>
            <subfield code="d">AU@</subfield>
            <subfield code="d">MVS</subfield>
          </datafield>
          <datafield tag="042" ind1=" " ind2=" ">
            <subfield code="a">lccopycat</subfield>
          </datafield>
          <datafield tag="043" ind1=" " ind2=" ">
            <subfield code="a">n-us---</subfield>
          </datafield>
          <datafield tag="049" ind1=" " ind2=" ">
            <subfield code="a">MVSS</subfield>
          </datafield>
          <datafield tag="050" ind1="0" ind2="4">
            <subfield code="a">RJ506.D78</subfield>
            <subfield code="b">A363 1995</subfield>
          </datafield>
          <datafield tag="060" ind1="0" ind2="0">
            <subfield code="a">W1</subfield>
            <subfield code="b">NA486Q no.156 1995</subfield>
          </datafield>
          <datafield tag="060" ind1="1" ind2="0">
            <subfield code="a">WM 270</subfield>
            <subfield code="b">A2393 1995</subfield>
          </datafield>
          <datafield tag="074" ind1=" " ind2=" ">
            <subfield code="a">0831-C-12</subfield>
          </datafield>
          <datafield tag="074" ind1=" " ind2=" ">
            <subfield code="a">0831-C-12 (online)</subfield>
          </datafield>
          <datafield tag="082" ind1="0" ind2="0">
            <subfield code="a">362.29/0835</subfield>
            <subfield code="2">20</subfield>
          </datafield>
          <datafield tag="082" ind1="0" ind2="0">
            <subfield code="a">363.29/0835</subfield>
            <subfield code="2">20</subfield>
          </datafield>
          <datafield tag="084" ind1=" " ind2=" ">
            <subfield code="a">Series</subfield>
          </datafield>
          <datafield tag="084" ind1=" " ind2=" ">
            <subfield code="a">NIH 95-3908</subfield>
          </datafield>
          <datafield tag="086" ind1="0" ind2=" ">
            <subfield code="a">HE 20.3965:156</subfield>
          </datafield>
          <datafield tag="245" ind1="0" ind2="0">
            <subfield code="a">Adolescent drug abuse :</subfield>
            <subfield code="b">clinical assessment and therapeutic interventions /</subfield>
            <subfield code="c">editors, Elizabeth Rahdert, Dorynne Czechowicz.</subfield>
          </datafield>
          <datafield tag="260" ind1=" " ind2=" ">
            <subfield code="a">Rockville, MD :</subfield>
            <subfield code="b">U.S. Dept. of Health and Human Services, Public Health Service, National Institutes of Health, National Institute on Drug Abuse, Division of Clinical and Services Research,</subfield>
            <subfield code="c">1995.</subfield>
          </datafield>
          <datafield tag="300" ind1=" " ind2=" ">
            <subfield code="a">iv, 374 p. :</subfield>
            <subfield code="b">ill. ;</subfield>
            <subfield code="c">23 cm.</subfield>
          </datafield>
          <datafield tag="490" ind1="1" ind2=" ">
            <subfield code="a">NIDA research monograph ;</subfield>
            <subfield code="v">156</subfield>
          </datafield>
          <datafield tag="490" ind1="1" ind2=" ">
            <subfield code="a">NIH publication ;</subfield>
            <subfield code="v">no. 95-3908</subfield>
          </datafield>
          <datafield tag="500" ind1=" " ind2=" ">
            <subfield code="a">"Based on the papers from a technical review ... held on May 13-14, 1993 ... sponsored by the National Institute on Drug Abuse"--T.p. verso.</subfield>
          </datafield>
          <datafield tag="530" ind1=" " ind2=" ">
            <subfield code="a">Also available via Internet from NIDA web site. Address as of 7/22/04: http://165.112.78.61/pdf/monographs/download156.html; current access available via PURL.</subfield>
          </datafield>
          <datafield tag="504" ind1=" " ind2=" ">
            <subfield code="a">Includes bibliographical references.</subfield>
          </datafield>
          <datafield tag="505" ind1="0" ind2=" ">
            <subfield code="a">Advances in adolescent drug abuse treatment / Elizabeth Rahdert and Dorynne Czechowicz -- Identifying high-risk youth: prevalence and patterns of adolescent drug abuse / Michael D. Newcomb -- Service delivery strategies for treating high-risk youth: delinquents, homeless, runaways, and sexual minorities / James A. Farrow -- Adolescent substance use disorder with conduct disorder and comorbid conditions / Thomas J. Crowley and Paula D. Riggs -- Physical health problems associated with adolescent substance abuse / Patricia Kokotailo -- AIDS, drugs, and the adolescent / Elizabeth Steel --Current issues and future needs in the assessment of adolescent drug abuse / Ken C. Winters and Randy D. Stinchfield -- Cultural competence in assessing hispanic youths and families: challenges in the assessment of treatment needs and treatment evaluation for hispanic drug-abusing adolescents / William M. Kurtines and Jose Szapacznik -- Therapeutic communities for adolescents / Nancy Jainchill, Gauri Bhattacharya, and John Yagelka -- Family-based treatment for adolescent drug use: state of the science / Howard A. Liddle and Gayle A. Dakof -- Skills training for pregnant and parenting adolescents / James A. Hall.</subfield>
          </datafield>
          <datafield tag="650" ind1=" " ind2="0">
            <subfield code="a">Teenagers</subfield>
            <subfield code="x">Drug use</subfield>
            <subfield code="v">Congresses.</subfield>
          </datafield>
          <datafield tag="650" ind1=" " ind2="0">
            <subfield code="a">Drug abuse</subfield>
            <subfield code="x">Treatment</subfield>
            <subfield code="v">Congresses.</subfield>
          </datafield>
          <datafield tag="650" ind1=" " ind2="0">
            <subfield code="a">Teenagers</subfield>
            <subfield code="x">Services for</subfield>
            <subfield code="z">United States</subfield>
            <subfield code="v">Congresses.</subfield>
          </datafield>
          <datafield tag="650" ind1="1" ind2="2">
            <subfield code="a">Substance-Related Disorders</subfield>
            <subfield code="z">United States</subfield>
            <subfield code="v">Congresses.</subfield>
          </datafield>
          <datafield tag="650" ind1="2" ind2="2">
            <subfield code="a">Adolescent</subfield>
            <subfield code="z">United States.</subfield>
          </datafield>
          <datafield tag="650" ind1="2" ind2="2">
            <subfield code="a">Adolescent Health Services</subfield>
            <subfield code="z">United States</subfield>
            <subfield code="v">Congresses.</subfield>
          </datafield>
          <datafield tag="650" ind1="2" ind2="2">
            <subfield code="a">Substance-Related Disorders</subfield>
            <subfield code="x">therapy</subfield>
            <subfield code="z">United States</subfield>
            <subfield code="v">Congresses.</subfield>
          </datafield>
          <datafield tag="700" ind1="1" ind2=" ">
            <subfield code="a">Rahdert, Elizabeth R.</subfield>
          </datafield>
          <datafield tag="700" ind1="1" ind2=" ">
            <subfield code="a">Czechowicz, Dorynne.</subfield>
          </datafield>
          <datafield tag="710" ind1="2" ind2=" ">
            <subfield code="a">National Institutes of Health (U.S.)</subfield>
          </datafield>
          <datafield tag="710" ind1="2" ind2=" ">
            <subfield code="a">National Institute on Drug Abuse.</subfield>
            <subfield code="b">Division of Clinical and Services Research.</subfield>
          </datafield>
          <datafield tag="776" ind1="0" ind2="8">
            <subfield code="i">Online version:</subfield>
            <subfield code="t">Adolescent drug abuse.</subfield>
            <subfield code="d">Rockville, MD : U.S. Dept. of Health and Human Services, Public Health Service, National Institutes of Health, National Institute on Drug Abuse, Division of Clinical and Services Research, 1995</subfield>
            <subfield code="w">(OCoLC)623538279</subfield>
          </datafield>
          <datafield tag="830" ind1=" " ind2="0">
            <subfield code="a">NIDA research monograph ;</subfield>
            <subfield code="v">156.</subfield>
          </datafield>
          <datafield tag="830" ind1=" " ind2="0">
            <subfield code="a">NIH publication ;</subfield>
            <subfield code="v">no. 95-3908.</subfield>
          </datafield>
          <datafield tag="856" ind1="4" ind2="1">
            <subfield code="u">http://purl.access.gpo.gov/GPO/LPS51887</subfield>
            <subfield code="z">Click here to access this resource online.</subfield>
          </datafield>
          <datafield tag="938" ind1=" " ind2=" ">
            <subfield code="a">Baker and Taylor</subfield>
            <subfield code="b">BTCP</subfield>
            <subfield code="n">95227849</subfield>
          </datafield>
          <datafield tag="994" ind1=" " ind2=" ">
            <subfield code="a">C0</subfield>
            <subfield code="b">MVS</subfield>
          </datafield>
          <datafield tag="900" ind1="0" ind2=" ">
            <subfield code="b">MILL</subfield>
            <subfield code="d">B</subfield>
            <subfield code="f">RJ506.D78</subfield>
            <subfield code="f">A363 1995</subfield>
            <subfield code="8">2220333360003569</subfield>
          </datafield>
          <datafield tag="995" ind1=" " ind2=" ">
            <subfield code="ff">2220333360003569</subfield>
            <subfield code="u">1</subfield>
            <subfield code="j">0</subfield>
            <subfield code="aa">B</subfield>
            <subfield code="t">BOOK</subfield>
            <subfield code="s">33151007597794</subfield>
            <subfield code="z">B</subfield>
            <subfield code="q">ON_RESERVE: N | RESERVE_CHARGES: 0 | RECALLS_PLACED: 0 | HOLDS_PLACED: 0 | HISTORICAL_BOOKINGS: 0 | SHORT_LOAN_CHARGES: 0 | </subfield>
            <subfield code="a">2320333350003569</subfield>
            <subfield code="c">GD</subfield>
            <subfield code="bb">RJ506.D78 A363 1995</subfield>
            <subfield code="v">false</subfield>
            <subfield code="b">0</subfield>
            <subfield code="r">Suppressed for Renovation</subfield>
            <subfield code="h">MILL</subfield>
            <subfield code="i">MILL</subfield>
          </datafield>
        </record>
      </metadata>
    </record>