
    <record>
      <header>
        <identifier>oai:alma.01SSHELCOMILLRSVL:994976103569</identifier>
        <datestamp>2019-09-25T00:58:12Z</datestamp>
        <setSpec>IndexDataHoldItemPhysicalTitles</setSpec>
        <setSpec>EDS:Set01</setSpec>
        <setSpec>IndexDataHoldItem</setSpec>
      </header>
      <metadata>
        <record xmlns="http://www.loc.gov/MARC21/slim" xmlns:xsi="http://www.w3.org/2001/XMLSchema-instance" xsi:schemaLocation="http://www.loc.gov/MARC21/slim http://www.loc.gov/standards/marcxml/schema/MARC21slim.xsd" >
          <leader>00809cam a2200253Ka 4500</leader>
          <controlfield tag="005">20130826120220.0</controlfield>
          <controlfield tag="008">881107s1935    mau           000 p eng d</controlfield>
          <controlfield tag="001">994976103569</controlfield>
          <datafield tag="035" ind1=" " ind2=" ">
            <subfield code="9">354074</subfield>
          </datafield>
          <datafield tag="035" ind1=" " ind2=" ">
            <subfield code="a">ocm18717339</subfield>
          </datafield>
          <datafield tag="035" ind1=" " ind2=" ">
            <subfield code="a">497</subfield>
          </datafield>
          <datafield tag="035" ind1=" " ind2=" ">
            <subfield code="a">(PMilS)497-millerdb-Voyager</subfield>
          </datafield>
          <datafield tag="040" ind1=" " ind2=" ">
            <subfield code="a">RBN</subfield>
            <subfield code="c">RBN</subfield>
          </datafield>
          <datafield tag="049" ind1=" " ind2=" ">
            <subfield code="a">MVSE</subfield>
          </datafield>
          <datafield tag="090" ind1=" " ind2=" ">
            <subfield code="a">Z1033.A84</subfield>
            <subfield code="b">L56 H658x 1935</subfield>
          </datafield>
          <datafield tag="092" ind1=" " ind2=" ">
            <subfield code="a">097.1</subfield>
            <subfield code="b">H736w, 1935</subfield>
          </datafield>
          <datafield tag="100" ind1="1" ind2=" ">
            <subfield code="a">Holmes, John,</subfield>
            <subfield code="d">1904-1962.</subfield>
          </datafield>
          <datafield tag="245" ind1="1" ind2="4">
            <subfield code="a">The world is one :</subfield>
            <subfield code="b">Phi Beta Kappa poem /</subfield>
            <subfield code="c">by John Holmes.</subfield>
          </datafield>
          <datafield tag="260" ind1=" " ind2=" ">
            <subfield code="a">[Medford, Mass.] :</subfield>
            <subfield code="b">Tufts College,</subfield>
            <subfield code="c">1935.</subfield>
          </datafield>
          <datafield tag="300" ind1=" " ind2=" ">
            <subfield code="a">7 p. ;</subfield>
            <subfield code="c">26 cm.</subfield>
          </datafield>
          <datafield tag="500" ind1=" " ind2=" ">
            <subfield code="a">Cover-title.</subfield>
          </datafield>
          <datafield tag="500" ind1=" " ind2=" ">
            <subfield code="a">Part of the Lynwood S. Lingenfelter Collection.</subfield>
          </datafield>
          <datafield tag="541" ind1=" " ind2=" ">
            <subfield code="a">L.S. Lingenfelter Estate;</subfield>
            <subfield code="c">gift,</subfield>
            <subfield code="d">1984.</subfield>
          </datafield>
          <datafield tag="590" ind1=" " ind2=" ">
            <subfield code="a">Inscribed by author: "John Holmes for L.S. Lingenfelter, January 1951."</subfield>
          </datafield>
          <datafield tag="710" ind1="2" ind2=" ">
            <subfield code="a">Phi Beta Kappa.</subfield>
            <subfield code="b">Tufts College.</subfield>
          </datafield>
          <datafield tag="900" ind1="0" ind2=" ">
            <subfield code="b">MILL</subfield>
            <subfield code="d">SCRB</subfield>
            <subfield code="f">Z1033.A84</subfield>
            <subfield code="f">L56 H658x 1935</subfield>
            <subfield code="8">2220336640003569</subfield>
          </datafield>
          <datafield tag="995" ind1=" " ind2=" ">
            <subfield code="ff">2220336640003569</subfield>
            <subfield code="u">1</subfield>
            <subfield code="j">0</subfield>
            <subfield code="aa">SCRB</subfield>
            <subfield code="t">BOOK</subfield>
            <subfield code="s">33151006585956</subfield>
            <subfield code="z">SCRB</subfield>
            <subfield code="q">ON_RESERVE: N | RESERVE_CHARGES: 0 | RECALLS_PLACED: 0 | HOLDS_PLACED: 0 | HISTORICAL_BOOKINGS: 0 | SHORT_LOAN_CHARGES: 0 | </subfield>
            <subfield code="a">2320336610003569</subfield>
            <subfield code="c">SCRB</subfield>
            <subfield code="bb">Z1033.A84 L56 H658x 1935</subfield>
            <subfield code="v">false</subfield>
            <subfield code="b">0</subfield>
            <subfield code="r">Suppressed for Renovation</subfield>
            <subfield code="h">MILL</subfield>
            <subfield code="i">MILL</subfield>
          </datafield>
        </record>
      </metadata>
    </record>