
    <record>
      <header>
        <identifier>oai:alma.01SSHELCOMILLRSVL:995906103569</identifier>
        <datestamp>2019-09-25T00:58:12Z</datestamp>
        <setSpec>IndexDataHoldItemPhysicalTitles</setSpec>
        <setSpec>EDS:Set01</setSpec>
        <setSpec>IndexDataHoldItem</setSpec>
      </header>
      <metadata>
        <record xmlns="http://www.loc.gov/MARC21/slim" xmlns:xsi="http://www.w3.org/2001/XMLSchema-instance" xsi:schemaLocation="http://www.loc.gov/MARC21/slim http://www.loc.gov/standards/marcxml/schema/MARC21slim.xsd" >
          <leader>03544cam a2200349Ia 4500</leader>
          <controlfield tag="005">20130823025450.0</controlfield>
          <controlfield tag="008">940609s1994    nyu      b    000 0deng d</controlfield>
          <controlfield tag="001">995906103569</controlfield>
          <datafield tag="019" ind1=" " ind2=" ">
            <subfield code="a">30763767</subfield>
          </datafield>
          <datafield tag="020" ind1=" " ind2=" ">
            <subfield code="a">1565841034 (pbk.) :</subfield>
            <subfield code="c">$9.95</subfield>
          </datafield>
          <datafield tag="035" ind1=" " ind2=" ">
            <subfield code="9">354128</subfield>
          </datafield>
          <datafield tag="035" ind1=" " ind2=" ">
            <subfield code="a">ocm30576443</subfield>
          </datafield>
          <datafield tag="035" ind1=" " ind2=" ">
            <subfield code="a">(PMilS)590-millerdb-Voyager</subfield>
          </datafield>
          <datafield tag="035" ind1=" " ind2=" ">
            <subfield code="z">(OCoLC)30763767</subfield>
          </datafield>
          <datafield tag="040" ind1=" " ind2=" ">
            <subfield code="a">BKL</subfield>
            <subfield code="c">BKL</subfield>
            <subfield code="d">GZT</subfield>
            <subfield code="d">PIT</subfield>
          </datafield>
          <datafield tag="043" ind1=" " ind2=" ">
            <subfield code="a">n-us---</subfield>
          </datafield>
          <datafield tag="049" ind1=" " ind2=" ">
            <subfield code="a">MVSS</subfield>
          </datafield>
          <datafield tag="090" ind1=" " ind2=" ">
            <subfield code="a">PS509.H57</subfield>
            <subfield code="b">G76x 1994</subfield>
          </datafield>
          <datafield tag="092" ind1=" " ind2=" ">
            <subfield code="a">810.8080353</subfield>
            <subfield code="b">G919</subfield>
          </datafield>
          <datafield tag="130" ind1="0" ind2=" ">
            <subfield code="a">Growing up gay.</subfield>
          </datafield>
          <datafield tag="245" ind1="1" ind2="0">
            <subfield code="a">Growing up gay/growing up lesbian :</subfield>
            <subfield code="b">a literary anthology /</subfield>
            <subfield code="c">edited by Bennett L. Singer ; [contributors: James Baldwin ... [et al.]].</subfield>
          </datafield>
          <datafield tag="260" ind1=" " ind2=" ">
            <subfield code="a">New York :</subfield>
            <subfield code="b">New Press :</subfield>
            <subfield code="b">Distributed by W.W. Norton,</subfield>
            <subfield code="c">c1994.</subfield>
          </datafield>
          <datafield tag="300" ind1=" " ind2=" ">
            <subfield code="a">xviii, 317 p. ;</subfield>
            <subfield code="c">21 cm.</subfield>
          </datafield>
          <datafield tag="500" ind1=" " ind2=" ">
            <subfield code="a">"Originally published under the title Growing up gay by The New Press in 1993"--T.p. verso.</subfield>
          </datafield>
          <datafield tag="504" ind1=" " ind2=" ">
            <subfield code="a">Includes bibliographical references (p. [271]-279).</subfield>
          </datafield>
          <datafield tag="505" ind1="0" ind2=" ">
            <subfield code="a">American dreams / Kevin Jennings -- It happened on Main Street / Linda Heal-- My image of myself / Dennis -- from Johnnieruth / Becky Birtha -- from Martina / Martina Navratilova -- from The David Kopay story / David Kopay , Perry Deane Young -- The answers I needed / Billie Tallmij -- from The well of loneliness / Radclyffe Hall / from The naked civil servant / Quentin Crisp -- from Zami / Audre Lorde -- A diet of green salads / Whitey -- Blueberry man / David Bergman -- A world of possibilities / Steven Saylor -- The world outside / Julia Sullivan -- Different is not bad / Michael -- from Annie on my mind / Nancy Garden -- We two boys together clinging / Walt Whitman -- My archenemy / Jill Frushtick -- from The best little boy in the world / John Reid -- My best friend is gay?! / Shawn -- It's too hot / David J. Deschamps -- from Giovanni's room / James Baldwin -- Life line / Gloria E. Anzaldua -- from Take off the masks / Malcolm Boyd -- My story / Dennis Cooper -- from Raven's Road / Paula Gunn Allen -- from The lost language of cranes / David Leavitt -- Coming out to my mom / Travis Wise -- My mother's worst fears / Nancy D. Kates.</subfield>
          </datafield>
          <datafield tag="505" ind1="0" ind2=" ">
            <subfield code="a">Black, queer, and out / Karl Bruce Knapper --Cat / Julie Carter -- from Becoming a man / Paul Monette -- What my father told me / Paul Phillips -- from My brother on the shoulder of the road / Clifford Chase -- my brother / Pat Parker -- Growing up gay in Little Havana / Jesse G. Monteagudo -- from Oranges are not the only fruit / Jeanette Winterson -- Dawn / James Purdy -- A Chinese banquet / Kitty Tsui -- Commitments / Essex Hemphill -- from Gun-shy / Sean Mills -- from Night kites / M.E. Kerr -- A whisper in the veins / Terry Wolverton -- Mother and child / Jeanne Manford, Morty Manford -- A lesbian in class! / Beth Harrison -- A letter to Aunt Shelley and Uncle Don / Tom Shepard --from We all nourish truth with our tongues / Dorothy Allison -- from Honor bound / Joseph Steffan -- Speaking up / Erna Pahe -- In my own space / Calvin Glenn -- from Teamwork / Lucy Jane Bledsoe -- Language of violence / The Disposable Heroes of Hiphoprisy -- from Abominations / Lev Raphael -- from Rubyfruit jungle / Rita Mae Brown -- from Reflections of a rock lobster / Aaron Fricke -- Does it matter? / Anonymous.</subfield>
          </datafield>
          <datafield tag="650" ind1=" " ind2="0">
            <subfield code="a">Gays</subfield>
            <subfield code="z">United States</subfield>
            <subfield code="v">Literary collections.</subfield>
          </datafield>
          <datafield tag="650" ind1=" " ind2="0">
            <subfield code="a">Gay youth</subfield>
            <subfield code="z">United States</subfield>
            <subfield code="v">Literary collections.</subfield>
          </datafield>
          <datafield tag="650" ind1=" " ind2="0">
            <subfield code="a">Lesbians</subfield>
            <subfield code="z">United States</subfield>
            <subfield code="v">Literary collections.</subfield>
          </datafield>
          <datafield tag="650" ind1=" " ind2="0">
            <subfield code="a">Gay men</subfield>
            <subfield code="z">United States</subfield>
            <subfield code="v">Literary collections.</subfield>
          </datafield>
          <datafield tag="650" ind1=" " ind2="0">
            <subfield code="a">Gays' writings, American.</subfield>
          </datafield>
          <datafield tag="650" ind1=" " ind2="0">
            <subfield code="a">Gays</subfield>
            <subfield code="z">United States</subfield>
            <subfield code="v">Biography.</subfield>
          </datafield>
          <datafield tag="700" ind1="1" ind2=" ">
            <subfield code="a">Singer, Bennett L.</subfield>
          </datafield>
          <datafield tag="900" ind1="0" ind2=" ">
            <subfield code="b">MILL</subfield>
            <subfield code="d">B</subfield>
            <subfield code="f">PS509.H57</subfield>
            <subfield code="f">G76x 1994</subfield>
            <subfield code="8">2220321870003569</subfield>
          </datafield>
          <datafield tag="995" ind1=" " ind2=" ">
            <subfield code="ff">2220321870003569</subfield>
            <subfield code="u">1</subfield>
            <subfield code="j">0</subfield>
            <subfield code="aa">B</subfield>
            <subfield code="t">BOOK</subfield>
            <subfield code="s">33151006588190</subfield>
            <subfield code="z">B</subfield>
            <subfield code="q">ON_RESERVE: N | RESERVE_CHARGES: 0 | RECALLS_PLACED: 0 | HOLDS_PLACED: 0 | HISTORICAL_BOOKINGS: 0 | SHORT_LOAN_CHARGES: 0 | </subfield>
            <subfield code="a">2320321860003569</subfield>
            <subfield code="c">B</subfield>
            <subfield code="bb">PS509.H57 G76x 1994</subfield>
            <subfield code="v">false</subfield>
            <subfield code="b">0</subfield>
            <subfield code="r">Suppressed for Renovation</subfield>
            <subfield code="h">MILL</subfield>
            <subfield code="i">MILL</subfield>
          </datafield>
        </record>
      </metadata>
    </record>