
    <record>
      <header>
        <identifier>oai:alma.01SSHELCOMILLRSVL:992476103569</identifier>
        <datestamp>2019-09-25T00:58:12Z</datestamp>
        <setSpec>IndexDataHoldItemPhysicalTitles</setSpec>
        <setSpec>EDS:Set01</setSpec>
        <setSpec>IndexDataHoldItem</setSpec>
      </header>
      <metadata>
        <record xmlns="http://www.loc.gov/MARC21/slim" xmlns:xsi="http://www.w3.org/2001/XMLSchema-instance" xsi:schemaLocation="http://www.loc.gov/MARC21/slim http://www.loc.gov/standards/marcxml/schema/MARC21slim.xsd" >
          <leader>01430cam a2200253I  4500</leader>
          <controlfield tag="005">20130820112855.0</controlfield>
          <controlfield tag="008">750714s1921    mauf     b    000 0 eng  </controlfield>
          <controlfield tag="001">992476103569</controlfield>
          <datafield tag="010" ind1=" " ind2=" ">
            <subfield code="a">   21026987 </subfield>
          </datafield>
          <datafield tag="035" ind1=" " ind2=" ">
            <subfield code="9">186677</subfield>
          </datafield>
          <datafield tag="035" ind1=" " ind2=" ">
            <subfield code="a">ocm01446429</subfield>
          </datafield>
          <datafield tag="035" ind1=" " ind2=" ">
            <subfield code="a">(PMilS)247-millerdb-Voyager</subfield>
          </datafield>
          <datafield tag="040" ind1=" " ind2=" ">
            <subfield code="a">DLC</subfield>
            <subfield code="c">ORL</subfield>
            <subfield code="d">m.c.</subfield>
            <subfield code="d">SER</subfield>
            <subfield code="d">MVS</subfield>
          </datafield>
          <datafield tag="049" ind1=" " ind2=" ">
            <subfield code="a">MVSc</subfield>
          </datafield>
          <datafield tag="050" ind1="0" ind2=" ">
            <subfield code="a">PN6120.A4</subfield>
            <subfield code="b">M6</subfield>
          </datafield>
          <datafield tag="092" ind1=" " ind2=" ">
            <subfield code="a">j812</subfield>
            <subfield code="b">Mos</subfield>
          </datafield>
          <datafield tag="092" ind1=" " ind2=" ">
            <subfield code="a">822.08</subfield>
            <subfield code="b">M852t</subfield>
          </datafield>
          <datafield tag="100" ind1="1" ind2=" ">
            <subfield code="a">Moses, Montrose Jonas,</subfield>
            <subfield code="d">1878-1934.</subfield>
          </datafield>
          <datafield tag="245" ind1="1" ind2="2">
            <subfield code="a">A treasury of plays for children,</subfield>
            <subfield code="c">ed. by Montrose J. Moses; with illustrations by Tony Sarg.</subfield>
          </datafield>
          <datafield tag="260" ind1=" " ind2=" ">
            <subfield code="a">Boston,</subfield>
            <subfield code="b">Little, Brown, and Company,</subfield>
            <subfield code="c">1924,c 1921.</subfield>
          </datafield>
          <datafield tag="300" ind1=" " ind2=" ">
            <subfield code="a">xiii, 550 p.</subfield>
            <subfield code="b">col. front., plates.</subfield>
            <subfield code="c">21 cm.</subfield>
          </datafield>
          <datafield tag="500" ind1=" " ind2=" ">
            <subfield code="a">Illustrated lining-papers.</subfield>
          </datafield>
          <datafield tag="504" ind1=" " ind2=" ">
            <subfield code="a">"A readings list": p. [547]-550.</subfield>
          </datafield>
          <datafield tag="505" ind1="0" ind2=" ">
            <subfield code="a">The little princess, by Frances H. Burnett.--The silver thread, by Constance D. Mackay.--The testing of Sir Gawayne, by Marguerite Merington.--Pinkie and the fairies, by W.G. Robertson.--Punch and Judy.--The three wishes, by H. Williamson and T. Sarg.--The toymaker of Nuremberg, by A. Strong.--Six who pass while the lentils boil, by S. Walker.--Master Skylark &lt;J. Bennett&gt; by Anna M. Lutkenhaus.--Alice in Wonderland &lt;L. Carroll&gt; by Alice Gerstenberg.--The travelling man, by Lady Gregory.--The months: a pageant, by Christina G. Rossetti.--The forest ring, by W.C. De Mille and C. Bernard.--The seven old ladies of Lavender Town, by H.C. Bunner.</subfield>
          </datafield>
          <datafield tag="650" ind1=" " ind2="0">
            <subfield code="a">Children's plays.</subfield>
          </datafield>
          <datafield tag="900" ind1="0" ind2=" ">
            <subfield code="b">MILL</subfield>
            <subfield code="d">J</subfield>
            <subfield code="f">PN6120.A4</subfield>
            <subfield code="f">M6</subfield>
            <subfield code="8">2220328360003569</subfield>
          </datafield>
          <datafield tag="995" ind1=" " ind2=" ">
            <subfield code="ff">2220328360003569</subfield>
            <subfield code="u">1</subfield>
            <subfield code="j">0</subfield>
            <subfield code="aa">J</subfield>
            <subfield code="t">BOOK</subfield>
            <subfield code="s">33151001865007</subfield>
            <subfield code="z">J</subfield>
            <subfield code="q">ON_RESERVE: N | RESERVE_CHARGES: 0 | RECALLS_PLACED: 0 | HOLDS_PLACED: 0 | HISTORICAL_BOOKINGS: 0 | SHORT_LOAN_CHARGES: 0 | </subfield>
            <subfield code="a">2320328350003569</subfield>
            <subfield code="c">J</subfield>
            <subfield code="bb">PN6120.A4 M6</subfield>
            <subfield code="v">false</subfield>
            <subfield code="b">0</subfield>
            <subfield code="r">Suppressed for Renovation</subfield>
            <subfield code="h">MILL</subfield>
            <subfield code="i">MILL</subfield>
          </datafield>
        </record>
      </metadata>
    </record>