
    <record>
      <header>
        <identifier>oai:alma.01SSHELCOMILLRSVL:994246103569</identifier>
        <datestamp>2019-09-25T00:58:12Z</datestamp>
        <setSpec>IndexDataHoldItemPhysicalTitles</setSpec>
        <setSpec>EDS:Set01</setSpec>
        <setSpec>IndexDataHoldItem</setSpec>
      </header>
      <metadata>
        <record xmlns="http://www.loc.gov/MARC21/slim" xmlns:xsi="http://www.w3.org/2001/XMLSchema-instance" xsi:schemaLocation="http://www.loc.gov/MARC21/slim http://www.loc.gov/standards/marcxml/schema/MARC21slim.xsd" >
          <leader>00662cam a2200229I  4500</leader>
          <controlfield tag="005">20110914204453.0</controlfield>
          <controlfield tag="008">740821|1943|||||||    j     |||| ||eng u</controlfield>
          <controlfield tag="001">994246103569</controlfield>
          <datafield tag="035" ind1=" " ind2=" ">
            <subfield code="9">186768</subfield>
          </datafield>
          <datafield tag="035" ind1=" " ind2=" ">
            <subfield code="a">ocm00985834</subfield>
          </datafield>
          <datafield tag="035" ind1=" " ind2=" ">
            <subfield code="a">(PMilS)424-millerdb-Voyager</subfield>
          </datafield>
          <datafield tag="040" ind1=" " ind2=" ">
            <subfield code="c">OUN</subfield>
            <subfield code="d">OCL</subfield>
            <subfield code="d">MVS</subfield>
          </datafield>
          <datafield tag="049" ind1=" " ind2=" ">
            <subfield code="a">MVSC</subfield>
          </datafield>
          <datafield tag="082" ind1=" " ind2=" ">
            <subfield code="a">909</subfield>
          </datafield>
          <datafield tag="090" ind1=" " ind2=" ">
            <subfield code="a">D21</subfield>
            <subfield code="b">.V3x 1943</subfield>
          </datafield>
          <datafield tag="092" ind1=" " ind2=" ">
            <subfield code="a">909</subfield>
            <subfield code="b">V328, 1938</subfield>
          </datafield>
          <datafield tag="100" ind1="1" ind2=" ">
            <subfield code="a">Van Loon, Hendrik Willem,</subfield>
            <subfield code="d">1882-1944.</subfield>
          </datafield>
          <datafield tag="245" ind1="1" ind2="4">
            <subfield code="a">The story of mankind,</subfield>
            <subfield code="c">by Hendrik Willem Van Loon.</subfield>
          </datafield>
          <datafield tag="250" ind1=" " ind2=" ">
            <subfield code="a">[Black &amp; Gold edition.</subfield>
          </datafield>
          <datafield tag="260" ind1=" " ind2=" ">
            <subfield code="a">New York]</subfield>
            <subfield code="b">Liveright</subfield>
            <subfield code="c">1943, c1938.</subfield>
          </datafield>
          <datafield tag="300" ind1=" " ind2=" ">
            <subfield code="a">xxiv, 500 p.</subfield>
            <subfield code="b">illus.</subfield>
            <subfield code="c">23 cm.</subfield>
          </datafield>
          <datafield tag="650" ind1=" " ind2="0">
            <subfield code="a">World history</subfield>
            <subfield code="v">Juvenile literature.</subfield>
          </datafield>
          <datafield tag="690" ind1=" " ind2=" ">
            <subfield code="a">Newbery award books ;</subfield>
            <subfield code="3">1922.</subfield>
          </datafield>
          <datafield tag="900" ind1="0" ind2=" ">
            <subfield code="b">MILL</subfield>
            <subfield code="d">SC</subfield>
            <subfield code="f">D21</subfield>
            <subfield code="f">.V3x 1943</subfield>
            <subfield code="8">2220306440003569</subfield>
          </datafield>
          <datafield tag="995" ind1=" " ind2=" ">
            <subfield code="ff">2220306440003569</subfield>
            <subfield code="u">1</subfield>
            <subfield code="j">0</subfield>
            <subfield code="aa">SC</subfield>
            <subfield code="t">BOOK</subfield>
            <subfield code="s">33151005125416</subfield>
            <subfield code="z">SC</subfield>
            <subfield code="q">ON_RESERVE: N | RESERVE_CHARGES: 0 | RECALLS_PLACED: 0 | HOLDS_PLACED: 0 | HISTORICAL_BOOKINGS: 0 | SHORT_LOAN_CHARGES: 0 | </subfield>
            <subfield code="a">2320306430003569</subfield>
            <subfield code="c">SC</subfield>
            <subfield code="bb">D21 .V3x 1943</subfield>
            <subfield code="v">false</subfield>
            <subfield code="b">3</subfield>
            <subfield code="h">MILL</subfield>
            <subfield code="i">MILL</subfield>
          </datafield>
        </record>
      </metadata>
    </record>