
    <record>
      <header>
        <identifier>oai:alma.01SSHELCOMILLRSVL:991536103569</identifier>
        <datestamp>2019-09-25T00:58:12Z</datestamp>
        <setSpec>IndexDataHoldItemPhysicalTitles</setSpec>
        <setSpec>EDS:Set01</setSpec>
        <setSpec>IndexDataHoldItem</setSpec>
      </header>
      <metadata>
        <record xmlns="http://www.loc.gov/MARC21/slim" xmlns:xsi="http://www.w3.org/2001/XMLSchema-instance" xsi:schemaLocation="http://www.loc.gov/MARC21/slim http://www.loc.gov/standards/marcxml/schema/MARC21slim.xsd" >
          <leader>00943cam a2200253Ia 4500</leader>
          <controlfield tag="005">20130820112844.0</controlfield>
          <controlfield tag="008">850821t19631958wiua          000 0beng d</controlfield>
          <controlfield tag="001">991536103569</controlfield>
          <datafield tag="035" ind1=" " ind2=" ">
            <subfield code="a">(OCoLC)ocm18760215</subfield>
          </datafield>
          <datafield tag="035" ind1=" " ind2=" ">
            <subfield code="a">(OCoLC)18760215</subfield>
          </datafield>
          <datafield tag="035" ind1=" " ind2=" ">
            <subfield code="a">153</subfield>
          </datafield>
          <datafield tag="035" ind1=" " ind2=" ">
            <subfield code="a">(PMilS)153-millerdb-Voyager</subfield>
          </datafield>
          <datafield tag="040" ind1=" " ind2=" ">
            <subfield code="a">CLZ</subfield>
            <subfield code="c">CLZ</subfield>
            <subfield code="d">OCL</subfield>
            <subfield code="d">MVS</subfield>
          </datafield>
          <datafield tag="049" ind1=" " ind2=" ">
            <subfield code="a">MVSS</subfield>
          </datafield>
          <datafield tag="090" ind1=" " ind2=" ">
            <subfield code="a">PZ7.L348x</subfield>
            <subfield code="b">Yo 1963</subfield>
          </datafield>
          <datafield tag="092" ind1=" " ind2=" ">
            <subfield code="a">920</subfield>
            <subfield code="b">F453, L</subfield>
          </datafield>
          <datafield tag="100" ind1="1" ind2=" ">
            <subfield code="a">Latham, Jean Lee.</subfield>
          </datafield>
          <datafield tag="245" ind1="1" ind2="0">
            <subfield code="a">Young man in a hurry :</subfield>
            <subfield code="b">the story of Cyrus W. Field /</subfield>
            <subfield code="c">by Jean Lee Latham ; pictures by Victor Mays.</subfield>
          </datafield>
          <datafield tag="250" ind1=" " ind2=" ">
            <subfield code="a">1st Cadmus ed.</subfield>
          </datafield>
          <datafield tag="260" ind1=" " ind2=" ">
            <subfield code="a">Eau Claire, Wisc. :</subfield>
            <subfield code="b">E.M. Hale,</subfield>
            <subfield code="c">1963, c1958.</subfield>
          </datafield>
          <datafield tag="300" ind1=" " ind2=" ">
            <subfield code="a">238 p. :</subfield>
            <subfield code="b">ill. ;</subfield>
            <subfield code="c">22 cm.</subfield>
          </datafield>
          <datafield tag="520" ind1=" " ind2=" ">
            <subfield code="a">A biography of the man who rose from debt to amass a small fortune, and became the driving force behind the successful laying of the first transatlantic telegraph cable.</subfield>
          </datafield>
          <datafield tag="600" ind1="1" ind2="0">
            <subfield code="a">Field, Cyrus W.</subfield>
            <subfield code="q">(Cyrus West),</subfield>
            <subfield code="d">1819-1892</subfield>
            <subfield code="v">Juvenile literature.</subfield>
          </datafield>
          <datafield tag="700" ind1="1" ind2=" ">
            <subfield code="a">Mays, Victor,</subfield>
            <subfield code="d">1927-</subfield>
          </datafield>
          <datafield tag="994" ind1=" " ind2=" ">
            <subfield code="a">C0</subfield>
            <subfield code="b">MVS</subfield>
          </datafield>
          <datafield tag="900" ind1="0" ind2=" ">
            <subfield code="b">MILL</subfield>
            <subfield code="d">J</subfield>
            <subfield code="f">PZ7.L348x</subfield>
            <subfield code="f">Yo 1963</subfield>
            <subfield code="8">2220314600003569</subfield>
          </datafield>
          <datafield tag="995" ind1=" " ind2=" ">
            <subfield code="ff">2220314600003569</subfield>
            <subfield code="u">1</subfield>
            <subfield code="j">0</subfield>
            <subfield code="aa">J</subfield>
            <subfield code="t">BOOK</subfield>
            <subfield code="s">33151001864539</subfield>
            <subfield code="z">J</subfield>
            <subfield code="q">ON_RESERVE: N | RESERVE_CHARGES: 0 | RECALLS_PLACED: 0 | HOLDS_PLACED: 0 | HISTORICAL_BOOKINGS: 0 | SHORT_LOAN_CHARGES: 0 | </subfield>
            <subfield code="a">2320314590003569</subfield>
            <subfield code="c">J</subfield>
            <subfield code="bb">PZ7.L348x Yo 1963</subfield>
            <subfield code="v">false</subfield>
            <subfield code="b">0</subfield>
            <subfield code="r">Suppressed for Renovation</subfield>
            <subfield code="h">MILL</subfield>
            <subfield code="i">MILL</subfield>
          </datafield>
        </record>
      </metadata>
    </record>