
    <record>
      <header>
        <identifier>oai:alma.01SSHELCOMILLRSVL:99236103569</identifier>
        <datestamp>2019-09-25T00:58:12Z</datestamp>
        <setSpec>IndexDataHoldItemPhysicalTitles</setSpec>
        <setSpec>EDS:Set01</setSpec>
        <setSpec>IndexDataHoldItem</setSpec>
      </header>
      <metadata>
        <record xmlns="http://www.loc.gov/MARC21/slim" xmlns:xsi="http://www.w3.org/2001/XMLSchema-instance" xsi:schemaLocation="http://www.loc.gov/MARC21/slim http://www.loc.gov/standards/marcxml/schema/MARC21slim.xsd" >
          <leader>00979pam a2200325 a 4500</leader>
          <controlfield tag="005">20130822201435.0</controlfield>
          <controlfield tag="008">840906s1985    mau      b    001 0aeng  </controlfield>
          <controlfield tag="001">99236103569</controlfield>
          <datafield tag="010" ind1=" " ind2=" ">
            <subfield code="a">   84019270 </subfield>
          </datafield>
          <datafield tag="020" ind1=" " ind2=" ">
            <subfield code="a">0805785361</subfield>
          </datafield>
          <datafield tag="020" ind1=" " ind2=" ">
            <subfield code="a">080578537X (pbk.)</subfield>
          </datafield>
          <datafield tag="035" ind1=" " ind2=" ">
            <subfield code="9">186561</subfield>
          </datafield>
          <datafield tag="035" ind1=" " ind2=" ">
            <subfield code="a">ocm11187907</subfield>
          </datafield>
          <datafield tag="035" ind1=" " ind2=" ">
            <subfield code="a">23</subfield>
          </datafield>
          <datafield tag="035" ind1=" " ind2=" ">
            <subfield code="a">(PMilS)23-millerdb-Voyager</subfield>
          </datafield>
          <datafield tag="040" ind1=" " ind2=" ">
            <subfield code="a">DLC</subfield>
            <subfield code="c">DLC</subfield>
            <subfield code="d">MVS</subfield>
          </datafield>
          <datafield tag="049" ind1=" " ind2=" ">
            <subfield code="a">MVSS</subfield>
          </datafield>
          <datafield tag="050" ind1="0" ind2=" ">
            <subfield code="a">PR4581</subfield>
            <subfield code="b">.A4 1985</subfield>
          </datafield>
          <datafield tag="082" ind1="0" ind2=" ">
            <subfield code="a">823/.8</subfield>
            <subfield code="2">19</subfield>
          </datafield>
          <datafield tag="090" ind1=" " ind2=" ">
            <subfield code="a">PR4581</subfield>
            <subfield code="b">.A4 1985</subfield>
          </datafield>
          <datafield tag="092" ind1=" " ind2=" ">
            <subfield code="a">823.83</subfield>
            <subfield code="b">D55cor</subfield>
          </datafield>
          <datafield tag="100" ind1="1" ind2=" ">
            <subfield code="a">Dickens, Charles,</subfield>
            <subfield code="d">1812-1870.</subfield>
          </datafield>
          <datafield tag="240" ind1="1" ind2="0">
            <subfield code="a">Correspondence.</subfield>
            <subfield code="k">Selections</subfield>
          </datafield>
          <datafield tag="245" ind1="1" ind2="0">
            <subfield code="a">Selected letters of Charles Dickens /</subfield>
            <subfield code="c">edited and arranged by David Paroissien.</subfield>
          </datafield>
          <datafield tag="260" ind1=" " ind2=" ">
            <subfield code="a">Boston, Mass. :</subfield>
            <subfield code="b">Twayne Publishers,</subfield>
            <subfield code="c">1985.</subfield>
          </datafield>
          <datafield tag="300" ind1=" " ind2=" ">
            <subfield code="a">xxx, 376 p. ;</subfield>
            <subfield code="c">23 cm.</subfield>
          </datafield>
          <datafield tag="500" ind1=" " ind2=" ">
            <subfield code="a">Includes index.</subfield>
          </datafield>
          <datafield tag="504" ind1=" " ind2=" ">
            <subfield code="a">Bibliography: p. 360-363.</subfield>
          </datafield>
          <datafield tag="600" ind1="1" ind2="0">
            <subfield code="a">Dickens, Charles,</subfield>
            <subfield code="d">1812-1870.</subfield>
            <subfield code="t">Correspondence.</subfield>
          </datafield>
          <datafield tag="650" ind1=" " ind2="0">
            <subfield code="a">Novelists, English</subfield>
            <subfield code="y">19th century</subfield>
            <subfield code="v">Correspondence.</subfield>
          </datafield>
          <datafield tag="700" ind1="1" ind2=" ">
            <subfield code="a">Paroissien, David.</subfield>
          </datafield>
          <datafield tag="900" ind1="0" ind2=" ">
            <subfield code="b">MILL</subfield>
            <subfield code="d">B</subfield>
            <subfield code="f">PR4581</subfield>
            <subfield code="f">.A4 1985</subfield>
            <subfield code="8">2220332060003569</subfield>
          </datafield>
          <datafield tag="995" ind1=" " ind2=" ">
            <subfield code="ff">2220332060003569</subfield>
            <subfield code="u">1</subfield>
            <subfield code="j">0</subfield>
            <subfield code="aa">B</subfield>
            <subfield code="t">BOOK</subfield>
            <subfield code="s">33151001863846</subfield>
            <subfield code="z">B</subfield>
            <subfield code="q">ON_RESERVE: N | RESERVE_CHARGES: 0 | RECALLS_PLACED: 0 | HOLDS_PLACED: 0 | HISTORICAL_BOOKINGS: 0 | SHORT_LOAN_CHARGES: 0 | </subfield>
            <subfield code="a">2320332050003569</subfield>
            <subfield code="c">B</subfield>
            <subfield code="bb">PR4581 .A4 1985</subfield>
            <subfield code="v">false</subfield>
            <subfield code="b">0</subfield>
            <subfield code="r">Suppressed for Renovation</subfield>
            <subfield code="h">MILL</subfield>
            <subfield code="i">MILL</subfield>
          </datafield>
        </record>
      </metadata>
    </record>