
    <record>
      <header>
        <identifier>oai:alma.01SSHELCOMILLRSVL:99346103569</identifier>
        <datestamp>2019-09-25T00:58:12Z</datestamp>
        <setSpec>IndexDataHoldItemPhysicalTitles</setSpec>
        <setSpec>EDS:Set01</setSpec>
        <setSpec>IndexDataHoldItem</setSpec>
        <setSpec>EDS:Set03</setSpec>
      </header>
      <metadata>
        <record xmlns="http://www.loc.gov/MARC21/slim" xmlns:xsi="http://www.w3.org/2001/XMLSchema-instance" xsi:schemaLocation="http://www.loc.gov/MARC21/slim http://www.loc.gov/standards/marcxml/schema/MARC21slim.xsd" >
          <leader>01750cam a2200445 a 4500</leader>
          <controlfield tag="005">20130823110042.0</controlfield>
          <controlfield tag="008">951024s1995    dcua     b   f001 0 eng d</controlfield>
          <controlfield tag="001">99346103569</controlfield>
          <datafield tag="010" ind1=" " ind2=" ">
            <subfield code="a">   95219420 </subfield>
          </datafield>
          <datafield tag="020" ind1=" " ind2=" ">
            <subfield code="a">0160482674</subfield>
          </datafield>
          <datafield tag="020" ind1=" " ind2=" ">
            <subfield code="a">9780160482670</subfield>
          </datafield>
          <datafield tag="035" ind1=" " ind2=" ">
            <subfield code="a">(OCoLC)ocm33351811</subfield>
          </datafield>
          <datafield tag="035" ind1=" " ind2=" ">
            <subfield code="a">(OCoLC)33351811</subfield>
          </datafield>
          <datafield tag="035" ind1=" " ind2=" ">
            <subfield code="a">34</subfield>
          </datafield>
          <datafield tag="035" ind1=" " ind2=" ">
            <subfield code="a">(PMilS)34-millerdb-Voyager</subfield>
          </datafield>
          <datafield tag="037" ind1=" " ind2=" ">
            <subfield code="a">052-003-01431-9</subfield>
            <subfield code="b">GPO</subfield>
          </datafield>
          <datafield tag="040" ind1=" " ind2=" ">
            <subfield code="a">AAB</subfield>
            <subfield code="c">DLC</subfield>
            <subfield code="d">AAB</subfield>
            <subfield code="d">GPO</subfield>
            <subfield code="d">OCL</subfield>
            <subfield code="d">GPO</subfield>
            <subfield code="d">OCLCQ</subfield>
            <subfield code="d">BTCTA</subfield>
            <subfield code="d">MVS</subfield>
          </datafield>
          <datafield tag="042" ind1=" " ind2=" ">
            <subfield code="a">lccopycat</subfield>
          </datafield>
          <datafield tag="043" ind1=" " ind2=" ">
            <subfield code="a">n-us---</subfield>
          </datafield>
          <datafield tag="049" ind1=" " ind2=" ">
            <subfield code="a">MVSS</subfield>
          </datafield>
          <datafield tag="050" ind1="0" ind2="4">
            <subfield code="a">TH1095</subfield>
            <subfield code="b">.R427 1995</subfield>
          </datafield>
          <datafield tag="074" ind1=" " ind2=" ">
            <subfield code="a">1070-M</subfield>
          </datafield>
          <datafield tag="074" ind1=" " ind2=" ">
            <subfield code="a">1070-M (online)</subfield>
          </datafield>
          <datafield tag="082" ind1="0" ind2="0">
            <subfield code="a">363.3/495</subfield>
            <subfield code="2">20</subfield>
          </datafield>
          <datafield tag="086" ind1="0" ind2=" ">
            <subfield code="a">Y 3.T 22/2:2 EA 7</subfield>
          </datafield>
          <datafield tag="088" ind1=" " ind2=" ">
            <subfield code="a">OTA-ETI-623</subfield>
          </datafield>
          <datafield tag="090" ind1=" " ind2=" ">
            <subfield code="a">TH1095</subfield>
            <subfield code="b">.R427x 1995</subfield>
          </datafield>
          <datafield tag="245" ind1="0" ind2="0">
            <subfield code="a">Reducing earthquake losses /</subfield>
            <subfield code="c">Office of Technology Assessment, Congress of the United States.</subfield>
          </datafield>
          <datafield tag="260" ind1=" " ind2=" ">
            <subfield code="a">Washington, D.C. :</subfield>
            <subfield code="b">U.S. Congress, Office of Technology Assessment :</subfield>
            <subfield code="b">For sale by the Supt. of Docs., U.S. G.P.O.,</subfield>
            <subfield code="c">[1995]</subfield>
          </datafield>
          <datafield tag="300" ind1=" " ind2=" ">
            <subfield code="a">xiii, 162 p. :</subfield>
            <subfield code="b">ill. ;</subfield>
            <subfield code="c">28 cm.</subfield>
          </datafield>
          <datafield tag="500" ind1=" " ind2=" ">
            <subfield code="a">"September 1995"--P. ii.</subfield>
          </datafield>
          <datafield tag="504" ind1=" " ind2=" ">
            <subfield code="a">Includes bibliographical references and index.</subfield>
          </datafield>
          <datafield tag="500" ind1=" " ind2=" ">
            <subfield code="a">Shipping list no.: 1996-0018-P.</subfield>
          </datafield>
          <datafield tag="530" ind1=" " ind2=" ">
            <subfield code="a">Also available via Internet from the UNT Cybercemetery web site. Address as of 3/14/2003: http://govinfo.library.unt.edu/ota/Ota%5f1/DATA/1995/9536.PDF; current access available via PURL.</subfield>
          </datafield>
          <datafield tag="650" ind1=" " ind2="0">
            <subfield code="a">Earthquake engineering</subfield>
            <subfield code="z">United States.</subfield>
          </datafield>
          <datafield tag="650" ind1=" " ind2="0">
            <subfield code="a">Buildings</subfield>
            <subfield code="x">Earthquake effects</subfield>
            <subfield code="z">United States.</subfield>
          </datafield>
          <datafield tag="650" ind1=" " ind2="0">
            <subfield code="a">Earthquake resistant design</subfield>
            <subfield code="z">United States.</subfield>
          </datafield>
          <datafield tag="710" ind1="1" ind2=" ">
            <subfield code="a">United States.</subfield>
            <subfield code="b">Congress.</subfield>
            <subfield code="b">Office of Technology Assessment.</subfield>
          </datafield>
          <datafield tag="856" ind1="4" ind2="1">
            <subfield code="u">http://purl.access.gpo.gov/GPO/LPS28320</subfield>
            <subfield code="z">Adobe Acrobat Reader required</subfield>
          </datafield>
          <datafield tag="938" ind1=" " ind2=" ">
            <subfield code="a">Baker and Taylor</subfield>
            <subfield code="b">BTCP</subfield>
            <subfield code="n">95219420</subfield>
          </datafield>
          <datafield tag="994" ind1=" " ind2=" ">
            <subfield code="a">C0</subfield>
            <subfield code="b">MVS</subfield>
          </datafield>
          <datafield tag="900" ind1="0" ind2=" ">
            <subfield code="b">MILL</subfield>
            <subfield code="d">B</subfield>
            <subfield code="f">TH1095</subfield>
            <subfield code="f">.R427x 1995</subfield>
            <subfield code="8">2220300720003569</subfield>
          </datafield>
          <datafield tag="995" ind1=" " ind2=" ">
            <subfield code="ff">2220300720003569</subfield>
            <subfield code="u">1</subfield>
            <subfield code="j">0</subfield>
            <subfield code="aa">B</subfield>
            <subfield code="t">BOOK</subfield>
            <subfield code="s">33151008885693</subfield>
            <subfield code="z">B</subfield>
            <subfield code="q">ON_RESERVE: N | RESERVE_CHARGES: 0 | RECALLS_PLACED: 0 | HOLDS_PLACED: 0 | HISTORICAL_BOOKINGS: 0 | SHORT_LOAN_CHARGES: 0 | </subfield>
            <subfield code="a">2320300710003569</subfield>
            <subfield code="c">GD</subfield>
            <subfield code="bb">TH1095 .R427x 1995</subfield>
            <subfield code="v">false</subfield>
            <subfield code="b">0</subfield>
            <subfield code="r">Suppressed for Renovation</subfield>
            <subfield code="h">MILL</subfield>
            <subfield code="i">MILL</subfield>
          </datafield>
        </record>
      </metadata>
    </record>