
    <record>
      <header>
        <identifier>oai:alma.01SSHELCOMILLRSVL:99866103569</identifier>
        <datestamp>2019-09-25T00:58:12Z</datestamp>
        <setSpec>IndexDataHoldItemPhysicalTitles</setSpec>
        <setSpec>EDS:Set01</setSpec>
        <setSpec>IndexDataHoldItem</setSpec>
      </header>
      <metadata>
        <record xmlns="http://www.loc.gov/MARC21/slim" xmlns:xsi="http://www.w3.org/2001/XMLSchema-instance" xsi:schemaLocation="http://www.loc.gov/MARC21/slim http://www.loc.gov/standards/marcxml/schema/MARC21slim.xsd" >
          <leader>01598cam a2200409 a 4500</leader>
          <controlfield tag="005">20131024131348.0</controlfield>
          <controlfield tag="008">851203s1985    dcuabc   b   f000 0 eng c</controlfield>
          <controlfield tag="001">99866103569</controlfield>
          <datafield tag="010" ind1=" " ind2=" ">
            <subfield code="a">   85603173 </subfield>
          </datafield>
          <datafield tag="019" ind1=" " ind2=" ">
            <subfield code="a">12862249</subfield>
            <subfield code="a">13891520</subfield>
          </datafield>
          <datafield tag="035" ind1=" " ind2=" ">
            <subfield code="a">(OCoLC)ocm12800601</subfield>
          </datafield>
          <datafield tag="035" ind1=" " ind2=" ">
            <subfield code="a">(OCoLC)12800601</subfield>
            <subfield code="z">(OCoLC)12862249</subfield>
            <subfield code="z">(OCoLC)13891520</subfield>
          </datafield>
          <datafield tag="035" ind1=" " ind2=" ">
            <subfield code="a">86</subfield>
          </datafield>
          <datafield tag="035" ind1=" " ind2=" ">
            <subfield code="a">(PMilS)86-millerdb-Voyager</subfield>
          </datafield>
          <datafield tag="035" ind1=" " ind2=" ">
            <subfield code="z">(OCoLC)12862249</subfield>
            <subfield code="z">(OCoLC)13891520</subfield>
          </datafield>
          <datafield tag="040" ind1=" " ind2=" ">
            <subfield code="a">DGPO/DLC</subfield>
            <subfield code="c">DLC</subfield>
            <subfield code="d">GPO</subfield>
            <subfield code="d">XBM</subfield>
            <subfield code="d">BTCTA</subfield>
            <subfield code="d">OCLCG</subfield>
          </datafield>
          <datafield tag="043" ind1=" " ind2=" ">
            <subfield code="a">n-us-ny</subfield>
            <subfield code="a">n-us---</subfield>
          </datafield>
          <datafield tag="049" ind1=" " ind2=" ">
            <subfield code="a">MVSS</subfield>
          </datafield>
          <datafield tag="050" ind1="0" ind2="0">
            <subfield code="a">HQ1438.N57</subfield>
            <subfield code="b">W43 1985</subfield>
          </datafield>
          <datafield tag="074" ind1=" " ind2=" ">
            <subfield code="a">648</subfield>
          </datafield>
          <datafield tag="082" ind1="0" ind2="0">
            <subfield code="a">305.42/09747</subfield>
            <subfield code="2">20</subfield>
          </datafield>
          <datafield tag="086" ind1="0" ind2=" ">
            <subfield code="a">I 29.2:W 84/2</subfield>
          </datafield>
          <datafield tag="100" ind1="1" ind2=" ">
            <subfield code="a">Weber, Sandra</subfield>
            <subfield code="q">(Sandra S.)</subfield>
          </datafield>
          <datafield tag="245" ind1="1" ind2="0">
            <subfield code="a">Women's Rights National Historical Park, Seneca Falls, New York /</subfield>
            <subfield code="c">prepared by Sandra S. Weber.</subfield>
          </datafield>
          <datafield tag="260" ind1=" " ind2=" ">
            <subfield code="a">[Washington, D.C.?] :</subfield>
            <subfield code="b">U.S. Dept. of the Interior, National Park Service,</subfield>
            <subfield code="c">1985.</subfield>
          </datafield>
          <datafield tag="300" ind1=" " ind2=" ">
            <subfield code="a">v, 178 p. :</subfield>
            <subfield code="b">ill., maps, ports. ;</subfield>
            <subfield code="c">28 cm.</subfield>
          </datafield>
          <datafield tag="490" ind1="1" ind2=" ">
            <subfield code="a">Special history study</subfield>
          </datafield>
          <datafield tag="500" ind1=" " ind2=" ">
            <subfield code="a">Shipping list no.: 85-1063-P.</subfield>
          </datafield>
          <datafield tag="500" ind1=" " ind2=" ">
            <subfield code="a">"September 1985."</subfield>
          </datafield>
          <datafield tag="504" ind1=" " ind2=" ">
            <subfield code="a">Bibliography: p. 174-178.</subfield>
          </datafield>
          <datafield tag="500" ind1=" " ind2=" ">
            <subfield code="a">Item 648.</subfield>
          </datafield>
          <datafield tag="650" ind1=" " ind2="0">
            <subfield code="a">Women's rights</subfield>
            <subfield code="z">New York (State)</subfield>
            <subfield code="x">History.</subfield>
          </datafield>
          <datafield tag="650" ind1=" " ind2="0">
            <subfield code="a">Women's rights</subfield>
            <subfield code="z">United States</subfield>
            <subfield code="x">History.</subfield>
          </datafield>
          <datafield tag="651" ind1=" " ind2="0">
            <subfield code="a">Women's Rights National Historical Park (N.Y.)</subfield>
          </datafield>
          <datafield tag="710" ind1="1" ind2=" ">
            <subfield code="a">United States.</subfield>
            <subfield code="b">National Park Service.</subfield>
          </datafield>
          <datafield tag="776" ind1="0" ind2="8">
            <subfield code="i">Online version:</subfield>
            <subfield code="a">Weber, Sandra (Sandra S.)</subfield>
            <subfield code="t">Women's Rights National Historical Park, Seneca Falls, New York.</subfield>
            <subfield code="d">[Washington, D.C.?] : U.S. Dept. of the Interior, National Park Service, 1985</subfield>
            <subfield code="w">(OCoLC)623317469</subfield>
          </datafield>
          <datafield tag="830" ind1=" " ind2="0">
            <subfield code="a">Special history study.</subfield>
          </datafield>
          <datafield tag="938" ind1=" " ind2=" ">
            <subfield code="a">Baker and Taylor</subfield>
            <subfield code="b">BTCP</subfield>
            <subfield code="n">85603173</subfield>
          </datafield>
          <datafield tag="994" ind1=" " ind2=" ">
            <subfield code="a">C0</subfield>
            <subfield code="b">MVS</subfield>
          </datafield>
          <datafield tag="900" ind1="0" ind2=" ">
            <subfield code="b">MILL</subfield>
            <subfield code="d">B</subfield>
            <subfield code="f">HQ1438.N57</subfield>
            <subfield code="f">W43 1985</subfield>
            <subfield code="8">2220302480003569</subfield>
          </datafield>
          <datafield tag="995" ind1=" " ind2=" ">
            <subfield code="ff">2220302480003569</subfield>
            <subfield code="u">1</subfield>
            <subfield code="j">0</subfield>
            <subfield code="aa">B</subfield>
            <subfield code="t">BOOK</subfield>
            <subfield code="s">33151001864182</subfield>
            <subfield code="z">B</subfield>
            <subfield code="q">ON_RESERVE: N | RESERVE_CHARGES: 0 | RECALLS_PLACED: 0 | HOLDS_PLACED: 0 | HISTORICAL_BOOKINGS: 0 | SHORT_LOAN_CHARGES: 0 | </subfield>
            <subfield code="a">2320302470003569</subfield>
            <subfield code="c">GD</subfield>
            <subfield code="bb">HQ1438.N57 W43 1985</subfield>
            <subfield code="v">false</subfield>
            <subfield code="b">0</subfield>
            <subfield code="r">Suppressed for Renovation</subfield>
            <subfield code="h">MILL</subfield>
            <subfield code="i">MILL</subfield>
          </datafield>
        </record>
      </metadata>
    </record>