
    <record>
      <header>
        <identifier>oai:alma.01SSHELCOMILLRSVL:995056103569</identifier>
        <datestamp>2019-09-25T00:58:12Z</datestamp>
        <setSpec>IndexDataHoldItemPhysicalTitles</setSpec>
        <setSpec>EDS:Set01</setSpec>
        <setSpec>IndexDataHoldItem</setSpec>
      </header>
      <metadata>
        <record xmlns="http://www.loc.gov/MARC21/slim" xmlns:xsi="http://www.w3.org/2001/XMLSchema-instance" xsi:schemaLocation="http://www.loc.gov/MARC21/slim http://www.loc.gov/standards/marcxml/schema/MARC21slim.xsd" >
          <leader>02334cam a2200505I  4500</leader>
          <controlfield tag="005">20180104141541.0</controlfield>
          <controlfield tag="008">800823s1802    gw            000 0 ger d</controlfield>
          <controlfield tag="001">995056103569</controlfield>
          <datafield tag="010" ind1=" " ind2=" ">
            <subfield code="a">   01010424 </subfield>
          </datafield>
          <datafield tag="019" ind1=" " ind2=" ">
            <subfield code="a">78209291</subfield>
            <subfield code="a">166606135</subfield>
          </datafield>
          <datafield tag="035" ind1=" " ind2=" ">
            <subfield code="a">(OCoLC)6651117</subfield>
            <subfield code="z">(OCoLC)78209291</subfield>
            <subfield code="z">(OCoLC)166606135</subfield>
          </datafield>
          <datafield tag="035" ind1=" " ind2=" ">
            <subfield code="a">(OCoLC)ocm06651117 </subfield>
          </datafield>
          <datafield tag="040" ind1=" " ind2=" ">
            <subfield code="a">CLE</subfield>
            <subfield code="b">eng</subfield>
            <subfield code="c">CLE</subfield>
            <subfield code="d">OCL</subfield>
            <subfield code="d">EYM</subfield>
            <subfield code="d">NYG</subfield>
            <subfield code="d">OCLCG</subfield>
            <subfield code="d">COA</subfield>
            <subfield code="d">AMAZN</subfield>
            <subfield code="d">OCLCQ</subfield>
            <subfield code="d">RBN</subfield>
            <subfield code="d">OCLCF</subfield>
            <subfield code="d">OCLCQ</subfield>
            <subfield code="d">OCLCO</subfield>
          </datafield>
          <datafield tag="041" ind1="1" ind2=" ">
            <subfield code="a">ger</subfield>
            <subfield code="h">fre</subfield>
          </datafield>
          <datafield tag="043" ind1=" " ind2=" ">
            <subfield code="a">n-us---</subfield>
            <subfield code="a">n-us-pa</subfield>
            <subfield code="a">n-us-ny</subfield>
          </datafield>
          <datafield tag="050" ind1="1" ind2="4">
            <subfield code="a">F153</subfield>
            <subfield code="b">.C93</subfield>
          </datafield>
          <datafield tag="082" ind1="0" ind2="4">
            <subfield code="a">473</subfield>
            <subfield code="b">C866r</subfield>
          </datafield>
          <datafield tag="100" ind1="1" ind2=" ">
            <subfield code="a">St. John de Crèvecoeur, J. Hector,</subfield>
            <subfield code="d">1735-1813.</subfield>
          </datafield>
          <datafield tag="245" ind1="1" ind2="0">
            <subfield code="a">Reise in Ober-Pensylvanien und im staate Neu-York,</subfield>
            <subfield code="b">von einem adoptirten mitgliede der Onéïda-nation.</subfield>
            <subfield code="c">Hrsg. von dem verfasser der Briefe eines amerikanischen landwirthes. Aus dem französischen übers. und mit anmerkungen begleitet von Dieterich Tiedemann.</subfield>
          </datafield>
          <datafield tag="260" ind1=" " ind2=" ">
            <subfield code="a">Berlin,</subfield>
            <subfield code="b">Voss,</subfield>
            <subfield code="c">1802.</subfield>
          </datafield>
          <datafield tag="300" ind1=" " ind2=" ">
            <subfield code="a">xiv, 472 pages</subfield>
          </datafield>
          <datafield tag="336" ind1=" " ind2=" ">
            <subfield code="a">text</subfield>
            <subfield code="b">txt</subfield>
            <subfield code="2">rdacontent</subfield>
          </datafield>
          <datafield tag="337" ind1=" " ind2=" ">
            <subfield code="a">unmediated</subfield>
            <subfield code="b">n</subfield>
            <subfield code="2">rdamedia</subfield>
          </datafield>
          <datafield tag="338" ind1=" " ind2=" ">
            <subfield code="a">volume</subfield>
            <subfield code="b">nc</subfield>
            <subfield code="2">rdacarrier</subfield>
          </datafield>
          <datafield tag="500" ind1=" " ind2=" ">
            <subfield code="a">Added title-page reads: Magazin von merkwürdigen neuen reisebeschreibungen ... 23 band, missing from Library copy.</subfield>
          </datafield>
          <datafield tag="530" ind1=" " ind2=" ">
            <subfield code="a">Also available in electronic format.</subfield>
          </datafield>
          <datafield tag="530" ind1=" " ind2=" ">
            <subfield code="a">Also issued online.</subfield>
          </datafield>
          <datafield tag="653" ind1=" " ind2=" ">
            <subfield code="a">Imprint 1802</subfield>
          </datafield>
          <datafield tag="650" ind1=" " ind2="0">
            <subfield code="a">Indians of North America.</subfield>
          </datafield>
          <datafield tag="650" ind1=" " ind2="7">
            <subfield code="a">Indians of North America.</subfield>
            <subfield code="2">fast</subfield>
            <subfield code="0">(OCoLC)fst00969633</subfield>
          </datafield>
          <datafield tag="651" ind1=" " ind2="0">
            <subfield code="a">United States.</subfield>
          </datafield>
          <datafield tag="651" ind1=" " ind2="0">
            <subfield code="a">Pennsylvania.</subfield>
          </datafield>
          <datafield tag="651" ind1=" " ind2="0">
            <subfield code="a">New York (State)</subfield>
          </datafield>
          <datafield tag="651" ind1=" " ind2="7">
            <subfield code="a">New York (State)</subfield>
            <subfield code="2">fast</subfield>
            <subfield code="0">(OCoLC)fst01210280</subfield>
          </datafield>
          <datafield tag="651" ind1=" " ind2="7">
            <subfield code="a">Pennsylvania.</subfield>
            <subfield code="2">fast</subfield>
            <subfield code="0">(OCoLC)fst01204598</subfield>
          </datafield>
          <datafield tag="651" ind1=" " ind2="7">
            <subfield code="a">United States.</subfield>
            <subfield code="2">fast</subfield>
            <subfield code="0">(OCoLC)fst01204155</subfield>
          </datafield>
          <datafield tag="776" ind1="0" ind2=" ">
            <subfield code="c">Microfilm</subfield>
            <subfield code="t">Native American Language and Culture Preservation Project</subfield>
            <subfield code="w">(OCoLC)34061342</subfield>
          </datafield>
          <datafield tag="776" ind1="0" ind2="8">
            <subfield code="i">Online version:</subfield>
            <subfield code="a">St. John de Crèvecoeur, J. Hector, 1735-1813.</subfield>
            <subfield code="t">Reise in Ober-Pensylvanien und im staate Neu-York.</subfield>
            <subfield code="d">Berlin, Voss, 1802</subfield>
            <subfield code="w">(OCoLC)603536674</subfield>
          </datafield>
          <datafield tag="700" ind1="1" ind2=" ">
            <subfield code="a">Tiedemann, Dietrich,</subfield>
            <subfield code="d">1748-1803,</subfield>
            <subfield code="e">translator.</subfield>
          </datafield>
          <datafield tag="856" ind1="4" ind2="1">
            <subfield code="u">http://purl.org/net/nysl/nysdocs/6651117</subfield>
          </datafield>
          <datafield tag="830" ind1=" " ind2="0">
            <subfield code="a">Magazin von merkwürdigen neuen Reisebeschreibungen ;</subfield>
            <subfield code="v">23. bd.</subfield>
          </datafield>
          <datafield tag="938" ind1=" " ind2=" ">
            <subfield code="a">AMAZON</subfield>
            <subfield code="b">AMZN</subfield>
            <subfield code="n">B002IC0Y90</subfield>
          </datafield>
          <datafield tag="948" ind1=" " ind2=" ">
            <subfield code="h">HELD BY MVS - 16 OTHER HOLDINGS</subfield>
          </datafield>
          <datafield tag="994" ind1=" " ind2=" ">
            <subfield code="a">Z0</subfield>
            <subfield code="b">MVS</subfield>
          </datafield>
          <datafield tag="900" ind1="0" ind2=" ">
            <subfield code="b">MILL</subfield>
            <subfield code="d">SCRB</subfield>
            <subfield code="f">F153</subfield>
            <subfield code="f">.C93</subfield>
            <subfield code="8">2220303210003569</subfield>
          </datafield>
          <datafield tag="995" ind1=" " ind2=" ">
            <subfield code="ff">2220303210003569</subfield>
            <subfield code="u">1</subfield>
            <subfield code="j">0</subfield>
            <subfield code="aa">SCRB</subfield>
            <subfield code="t">BOOK</subfield>
            <subfield code="s">33151009140106</subfield>
            <subfield code="z">SCRB</subfield>
            <subfield code="q">ON_RESERVE: N | RESERVE_CHARGES: 0 | RECALLS_PLACED: 0 | HOLDS_PLACED: 0 | HISTORICAL_BOOKINGS: 0 | SHORT_LOAN_CHARGES: 0 | </subfield>
            <subfield code="a">2320303200003569</subfield>
            <subfield code="c">SCRB</subfield>
            <subfield code="bb">F153 .C93</subfield>
            <subfield code="v">false</subfield>
            <subfield code="b">0</subfield>
            <subfield code="r">Suppressed for Renovation</subfield>
            <subfield code="h">MILL</subfield>
            <subfield code="i">MILL</subfield>
          </datafield>
        </record>
      </metadata>
    </record>