
    <record>
      <header>
        <identifier>oai:alma.01SSHELCOMILLRSVL:994226103569</identifier>
        <datestamp>2019-09-25T00:58:12Z</datestamp>
        <setSpec>IndexDataHoldItemPhysicalTitles</setSpec>
        <setSpec>EDS:Set01</setSpec>
        <setSpec>IndexDataHoldItem</setSpec>
        <setSpec>EDS:Set03</setSpec>
      </header>
      <metadata>
        <record xmlns="http://www.loc.gov/MARC21/slim" xmlns:xsi="http://www.w3.org/2001/XMLSchema-instance" xsi:schemaLocation="http://www.loc.gov/MARC21/slim http://www.loc.gov/standards/marcxml/schema/MARC21slim.xsd" >
          <leader>04906cam a2200733 a 4500</leader>
          <controlfield tag="005">20131024144449.0</controlfield>
          <controlfield tag="008">951129s1995    mdua     b   f100 0 eng d</controlfield>
          <controlfield tag="001">994226103569</controlfield>
          <datafield tag="010" ind1=" " ind2=" ">
            <subfield code="a">   95227847 </subfield>
          </datafield>
          <datafield tag="016" ind1="7" ind2=" ">
            <subfield code="a">9605590</subfield>
            <subfield code="2">DNLM</subfield>
          </datafield>
          <datafield tag="019" ind1=" " ind2=" ">
            <subfield code="a">33816814</subfield>
            <subfield code="a">223175095</subfield>
          </datafield>
          <datafield tag="020" ind1=" " ind2=" ">
            <subfield code="a">0160483522</subfield>
          </datafield>
          <datafield tag="020" ind1=" " ind2=" ">
            <subfield code="a">9780160483523</subfield>
          </datafield>
          <datafield tag="035" ind1=" " ind2=" ">
            <subfield code="a">(OCoLC)ocm33751426</subfield>
          </datafield>
          <datafield tag="035" ind1=" " ind2=" ">
            <subfield code="a">(OCoLC)33751426</subfield>
            <subfield code="z">(OCoLC)33816814</subfield>
            <subfield code="z">(OCoLC)223175095</subfield>
          </datafield>
          <datafield tag="035" ind1=" " ind2=" ">
            <subfield code="a">422</subfield>
          </datafield>
          <datafield tag="035" ind1=" " ind2=" ">
            <subfield code="a">(PMilS)422-millerdb-Voyager</subfield>
          </datafield>
          <datafield tag="035" ind1=" " ind2=" ">
            <subfield code="z">(OCoLC)33816814</subfield>
            <subfield code="z">(OCoLC)223175095</subfield>
          </datafield>
          <datafield tag="037" ind1=" " ind2=" ">
            <subfield code="a">017-024-01581-4</subfield>
            <subfield code="b">GPO</subfield>
          </datafield>
          <datafield tag="040" ind1=" " ind2=" ">
            <subfield code="a">UU-M</subfield>
            <subfield code="c">DLC</subfield>
            <subfield code="d">UUE</subfield>
            <subfield code="d">OCL</subfield>
            <subfield code="d">NLM</subfield>
            <subfield code="d">GPO</subfield>
            <subfield code="d">CUY</subfield>
            <subfield code="d">CUM</subfield>
            <subfield code="d">TJM</subfield>
            <subfield code="d">BAKER</subfield>
            <subfield code="d">BTCTA</subfield>
            <subfield code="d">OCLCG</subfield>
            <subfield code="d">CLU</subfield>
            <subfield code="d">AU@</subfield>
            <subfield code="d">GEBAY</subfield>
            <subfield code="d">MVS</subfield>
          </datafield>
          <datafield tag="042" ind1=" " ind2=" ">
            <subfield code="a">lccopycat</subfield>
          </datafield>
          <datafield tag="043" ind1=" " ind2=" ">
            <subfield code="a">n-us---</subfield>
          </datafield>
          <datafield tag="049" ind1=" " ind2=" ">
            <subfield code="a">MVSS</subfield>
          </datafield>
          <datafield tag="050" ind1="0" ind2="0">
            <subfield code="a">HV5809</subfield>
            <subfield code="b">.R49 1995</subfield>
          </datafield>
          <datafield tag="060" ind1="0" ind2="0">
            <subfield code="a">W1</subfield>
            <subfield code="b">NA486Q no.155 1995</subfield>
          </datafield>
          <datafield tag="060" ind1="1" ind2="0">
            <subfield code="a">WM 270</subfield>
            <subfield code="b">R454 1995</subfield>
          </datafield>
          <datafield tag="074" ind1=" " ind2=" ">
            <subfield code="a">0831-C-12</subfield>
          </datafield>
          <datafield tag="074" ind1=" " ind2=" ">
            <subfield code="a">0831-C-12 (online)</subfield>
          </datafield>
          <datafield tag="084" ind1=" " ind2=" ">
            <subfield code="a">Series</subfield>
          </datafield>
          <datafield tag="084" ind1=" " ind2=" ">
            <subfield code="a">NIH 95-4035</subfield>
          </datafield>
          <datafield tag="086" ind1="0" ind2=" ">
            <subfield code="a">HE 20.8216:155</subfield>
          </datafield>
          <datafield tag="086" ind1="0" ind2=" ">
            <subfield code="a">HE 20.3965:155</subfield>
          </datafield>
          <datafield tag="245" ind1="0" ind2="0">
            <subfield code="a">Reviewing the behavioral science knowledge base on technology transfer /</subfield>
            <subfield code="c">editors, Thomas E. Backer, Susan L David, Gerald Soucy.</subfield>
          </datafield>
          <datafield tag="260" ind1=" " ind2=" ">
            <subfield code="a">[Bethesda, MD] :</subfield>
            <subfield code="b">U.S. Dept. of Health and Human Services, Public Health Service, National Institutes of Health ;</subfield>
            <subfield code="a">Rockville, MD :</subfield>
            <subfield code="b">National Institute on Drug Abuse,</subfield>
            <subfield code="c">1995.</subfield>
          </datafield>
          <datafield tag="300" ind1=" " ind2=" ">
            <subfield code="a">iv, 289 p. :</subfield>
            <subfield code="b">ill. ;</subfield>
            <subfield code="c">23 cm.</subfield>
          </datafield>
          <datafield tag="490" ind1="1" ind2=" ">
            <subfield code="a">NIDA research monograph ;</subfield>
            <subfield code="v">155</subfield>
          </datafield>
          <datafield tag="490" ind1="1" ind2=" ">
            <subfield code="a">NIH publication ;</subfield>
            <subfield code="v">95-4035</subfield>
          </datafield>
          <datafield tag="504" ind1=" " ind2=" ">
            <subfield code="a">Includes bibliographical references.</subfield>
          </datafield>
          <datafield tag="505" ind1="0" ind2=" ">
            <subfield code="a">Assessing and enhancing readiness for change : implications for technology transer / Thomas E. Backer -- Collaboration and diversity in technology transfer / Kathryn H. Kavanagh -- Risk communication : a tool for behavior change / David B. McCallum -- Diffusion of drug abuse prevention programs : spontaneous diffusion, agenda setting, and reinvention / Everett M. Rogers -- Interorganizational planning and coordination as technology transfer : lessons from a case study / Howell S. Baum -- Organizational change as human process, not technique / Michael A. Diamond -- Rethinking organizational stability as a determinant for innovation adoption and diffusion / Alan M. Glassman -- Technology transfer as collaborative learning / Ramkrishnan V. Tenkasi and Susan A. Mohrman --</subfield>
          </datafield>
          <datafield tag="505" ind1="0" ind2=" ">
            <subfield code="a">Reducing impediments to technology transfer in drug abuse programming / Barry S. Brown -- A field-based dissemination component in a drug abuse research center / James L. Sorensen and Wayne W. Clark -- Technology transfer in the criminal justice field : implications for substance abuse / Paul Gendreau -- Creating strong attitudes : two routes to persuasion / Richard E. Petty -- Transferring research findings on persuasion to improve drug abuse prevention programs / William J. McGuire -- Developing effective behavior change interventions : some lessons learned from behavioral research / Martin Fishbein -- Synthesis of behavioral science learnings about technology transfer / Thomas E. Backer and Susan L. David.</subfield>
          </datafield>
          <datafield tag="530" ind1=" " ind2=" ">
            <subfield code="a">Also available via Internet from the NIDA web site. Address as of 4/17/04: http://www.nida.nih.gov/pdf/monographs/155.pdf; current access is available via PURL.</subfield>
          </datafield>
          <datafield tag="530" ind1=" " ind2=" ">
            <subfield code="a">Also issued online.</subfield>
          </datafield>
          <datafield tag="650" ind1=" " ind2="0">
            <subfield code="a">Drug abuse</subfield>
            <subfield code="x">Prevention</subfield>
            <subfield code="v">Congresses.</subfield>
          </datafield>
          <datafield tag="650" ind1=" " ind2="0">
            <subfield code="a">Behavior modification</subfield>
            <subfield code="v">Congresses.</subfield>
          </datafield>
          <datafield tag="650" ind1=" " ind2="0">
            <subfield code="a">Change (Psychology)</subfield>
            <subfield code="v">Congresses.</subfield>
          </datafield>
          <datafield tag="650" ind1=" " ind2="0">
            <subfield code="a">Organizational change</subfield>
            <subfield code="v">Congresses.</subfield>
          </datafield>
          <datafield tag="650" ind1=" " ind2="0">
            <subfield code="a">Technology transfer</subfield>
            <subfield code="v">Congresses.</subfield>
          </datafield>
          <datafield tag="650" ind1="1" ind2="2">
            <subfield code="a">Substance-Related Disorders</subfield>
            <subfield code="x">prevention &amp; control</subfield>
            <subfield code="v">Congresses.</subfield>
          </datafield>
          <datafield tag="650" ind1="1" ind2="2">
            <subfield code="a">Technology Transfer</subfield>
            <subfield code="v">Congresses.</subfield>
          </datafield>
          <datafield tag="650" ind1="2" ind2="2">
            <subfield code="a">Behavioral Sciences</subfield>
            <subfield code="v">Congresses.</subfield>
          </datafield>
          <datafield tag="650" ind1="2" ind2="2">
            <subfield code="a">Health Knowledge, Attitudes, Practice</subfield>
            <subfield code="v">Congresses.</subfield>
          </datafield>
          <datafield tag="650" ind1="2" ind2="2">
            <subfield code="a">Organizational Innovation</subfield>
            <subfield code="v">Congresses.</subfield>
          </datafield>
          <datafield tag="650" ind1="2" ind2="2">
            <subfield code="a">Substance Abuse Treatment Centers</subfield>
            <subfield code="x">organization &amp; administration</subfield>
            <subfield code="v">Congresses.</subfield>
          </datafield>
          <datafield tag="700" ind1="1" ind2=" ">
            <subfield code="a">Backer, Thomas E.</subfield>
          </datafield>
          <datafield tag="700" ind1="1" ind2=" ">
            <subfield code="a">David, Susan L.</subfield>
          </datafield>
          <datafield tag="700" ind1="1" ind2=" ">
            <subfield code="a">Soucy, Gerald Paul,</subfield>
            <subfield code="d">1949-</subfield>
          </datafield>
          <datafield tag="710" ind1="2" ind2=" ">
            <subfield code="a">National Institute on Drug Abuse.</subfield>
          </datafield>
          <datafield tag="710" ind1="2" ind2=" ">
            <subfield code="a">National Institutes of Health (U.S.)</subfield>
          </datafield>
          <datafield tag="776" ind1="0" ind2="8">
            <subfield code="i">Online version:</subfield>
            <subfield code="t">Reviewing the behavioral science knowledge base on technology transfer.</subfield>
            <subfield code="d">[Bethesda, MD] : U.S. Dept. of Health and Human Services, Public Health Service, National Institutes of Health ; Rockville, MD : National Institute on Drug Abuse, 1995</subfield>
            <subfield code="w">(OCoLC)604743929</subfield>
          </datafield>
          <datafield tag="776" ind1="0" ind2="8">
            <subfield code="i">Online version:</subfield>
            <subfield code="t">Reviewing the behavioral science knowledge base on technology transfer.</subfield>
            <subfield code="d">[Bethesda, MD] : U.S. Dept. of Health and Human Services, Public Health Service, National Institutes of Health ; Rockville, MD : National Institute on Drug Abuse, 1995</subfield>
            <subfield code="w">(OCoLC)626168751</subfield>
          </datafield>
          <datafield tag="830" ind1=" " ind2="0">
            <subfield code="a">NIH publication ;</subfield>
            <subfield code="v">no. 95-4035.</subfield>
          </datafield>
          <datafield tag="830" ind1=" " ind2="0">
            <subfield code="a">NIDA research monograph ;</subfield>
            <subfield code="v">155.</subfield>
          </datafield>
          <datafield tag="856" ind1="4" ind2="1">
            <subfield code="u">http://purl.access.gpo.gov/GPO/LPS47570</subfield>
          </datafield>
          <datafield tag="938" ind1=" " ind2=" ">
            <subfield code="a">Baker &amp; Taylor</subfield>
            <subfield code="b">BKTY</subfield>
            <subfield code="c">12.00</subfield>
            <subfield code="d">12.00</subfield>
            <subfield code="i">0160483522</subfield>
            <subfield code="n">0006533174</subfield>
            <subfield code="s">active</subfield>
          </datafield>
          <datafield tag="938" ind1=" " ind2=" ">
            <subfield code="a">Baker and Taylor</subfield>
            <subfield code="b">BTCP</subfield>
            <subfield code="n">95227847</subfield>
          </datafield>
          <datafield tag="994" ind1=" " ind2=" ">
            <subfield code="a">C0</subfield>
            <subfield code="b">MVS</subfield>
          </datafield>
          <datafield tag="900" ind1="0" ind2=" ">
            <subfield code="b">MILL</subfield>
            <subfield code="d">B</subfield>
            <subfield code="f">HV5809</subfield>
            <subfield code="f">.R49 1995</subfield>
            <subfield code="8">2220342870003569</subfield>
          </datafield>
          <datafield tag="995" ind1=" " ind2=" ">
            <subfield code="ff">2220342870003569</subfield>
            <subfield code="u">1</subfield>
            <subfield code="j">0</subfield>
            <subfield code="aa">B</subfield>
            <subfield code="t">BOOK</subfield>
            <subfield code="s">33151008969646</subfield>
            <subfield code="z">B</subfield>
            <subfield code="q">ON_RESERVE: N | RESERVE_CHARGES: 0 | RECALLS_PLACED: 0 | HOLDS_PLACED: 0 | HISTORICAL_BOOKINGS: 0 | SHORT_LOAN_CHARGES: 0 | </subfield>
            <subfield code="a">2320342860003569</subfield>
            <subfield code="c">GD</subfield>
            <subfield code="bb">HV5809 .R49 1995</subfield>
            <subfield code="v">false</subfield>
            <subfield code="b">0</subfield>
            <subfield code="r">Suppressed for Renovation</subfield>
            <subfield code="h">MILL</subfield>
            <subfield code="i">MILL</subfield>
          </datafield>
        </record>
      </metadata>
    </record>