
    <record>
      <header>
        <identifier>oai:alma.01SSHELCOMILLRSVL:995476103569</identifier>
        <datestamp>2019-09-25T00:58:12Z</datestamp>
        <setSpec>IndexDataHoldItemPhysicalTitles</setSpec>
        <setSpec>EDS:Set01</setSpec>
        <setSpec>IndexDataHoldItem</setSpec>
      </header>
      <metadata>
        <record xmlns="http://www.loc.gov/MARC21/slim" xmlns:xsi="http://www.w3.org/2001/XMLSchema-instance" xsi:schemaLocation="http://www.loc.gov/MARC21/slim http://www.loc.gov/standards/marcxml/schema/MARC21slim.xsd" >
          <leader>02662cam a2200301 a 4500</leader>
          <controlfield tag="005">20130823025458.0</controlfield>
          <controlfield tag="008">940606s1994    nyu      b    001 0 eng  </controlfield>
          <controlfield tag="001">995476103569</controlfield>
          <datafield tag="010" ind1=" " ind2=" ">
            <subfield code="a">   94019803 </subfield>
          </datafield>
          <datafield tag="020" ind1=" " ind2=" ">
            <subfield code="a">1563244667 (pbk. : alk. paper)</subfield>
          </datafield>
          <datafield tag="035" ind1=" " ind2=" ">
            <subfield code="9">354106</subfield>
          </datafield>
          <datafield tag="035" ind1=" " ind2=" ">
            <subfield code="a">ocm30671287</subfield>
          </datafield>
          <datafield tag="035" ind1=" " ind2=" ">
            <subfield code="a">(PMilS)547-millerdb-Voyager</subfield>
          </datafield>
          <datafield tag="040" ind1=" " ind2=" ">
            <subfield code="a">DLC</subfield>
            <subfield code="c">DLC</subfield>
            <subfield code="d">GGN</subfield>
            <subfield code="d">MVS</subfield>
          </datafield>
          <datafield tag="049" ind1=" " ind2=" ">
            <subfield code="a">MVSS</subfield>
          </datafield>
          <datafield tag="050" ind1="0" ind2="0">
            <subfield code="a">HB97.5</subfield>
            <subfield code="b">.W5 1994</subfield>
          </datafield>
          <datafield tag="082" ind1="0" ind2="0">
            <subfield code="a">335</subfield>
            <subfield code="2">20</subfield>
          </datafield>
          <datafield tag="092" ind1=" " ind2=" ">
            <subfield code="a">335</subfield>
            <subfield code="b">W622</subfield>
          </datafield>
          <datafield tag="245" ind1="0" ind2="0">
            <subfield code="a">Why market socialism? :</subfield>
            <subfield code="b">voices from Dissent /</subfield>
            <subfield code="c">Frank Roosevelt and David Belkin, editors ; [foreword by Robert Heilbroner].</subfield>
          </datafield>
          <datafield tag="260" ind1=" " ind2=" ">
            <subfield code="a">Armonk, N.Y. :</subfield>
            <subfield code="b">M.E. Sharpe,</subfield>
            <subfield code="c">c1994.</subfield>
          </datafield>
          <datafield tag="300" ind1=" " ind2=" ">
            <subfield code="a">xix, 392 p. ;</subfield>
            <subfield code="c">23 cm.</subfield>
          </datafield>
          <datafield tag="504" ind1=" " ind2=" ">
            <subfield code="a">Includes bibliographical references and index.</subfield>
          </datafield>
          <datafield tag="505" ind1="0" ind2=" ">
            <subfield code="a">Why market socialism? From the critique of political economy to positive political economy / David Belkin -- Thinking about socialism : achievements, failures, and possibilities / Irving Howe -- Markets and plans : is the market necessarily capitalist? / Michael Harrington -- Justice and the market / Michel Rocard and Paul Ricoeur -- Marx and market socialism / Frank Roosevelt -- Oskar Lange's market socialism : the story of an intellectual-political career / Tadeusz Kowalik -- The turning point : a review of Brus and Laski, From Marx to the market / David Belkin -- Socialism and planning : beyond the Soviet economic crisis / Daniel Bell -- From Sweden to socialism? An exchange / Robert Heilbroner and Joanne Barkan -- Feasible socialism? Some social-political assumptions / Alec Nove -- A case for market socialism : what does it mean? why should we favor it? / David Miller and Saul Estrin ; Comment / Robert Blair ; Reply / Saul Estrin and David Miller --A vision of market socialism : how it might work, and its problems / David Miller ; Comment : questions about market socialism / Frank Roosevelt -- Market socialism, a blueprint : how such an economy might work / John Roemer ; Comment / Joanne Barkan and David Belkin ; Reply / John Roemer -- Challenges to market socialism : a response to critics / Thomas E. Weisskopf ; Comment / Branko Horvat -- One or two cheers for "The invisible hand" / James Tobin -- Social reality and "free markets" : a letter to friends in Eastern Europe / Robert Dahl -- Virtues and vices of the market : balanced correctives to a current craze / Ernest Erber -- "Market socialism" and "free economy" : a discussion of alternatives / Alec Nove -- Remaking our economy : new strategies for structural reform / Fred Block.</subfield>
          </datafield>
          <datafield tag="650" ind1=" " ind2="0">
            <subfield code="a">Marxian economics.</subfield>
          </datafield>
          <datafield tag="650" ind1=" " ind2="0">
            <subfield code="a">Socialism.</subfield>
          </datafield>
          <datafield tag="650" ind1=" " ind2="0">
            <subfield code="a">Capitalism.</subfield>
          </datafield>
          <datafield tag="700" ind1="1" ind2=" ">
            <subfield code="a">Roosevelt, Frank,</subfield>
            <subfield code="d">1938-</subfield>
          </datafield>
          <datafield tag="700" ind1="1" ind2=" ">
            <subfield code="a">Belkin, David,</subfield>
            <subfield code="d">1951-</subfield>
          </datafield>
          <datafield tag="730" ind1="0" ind2=" ">
            <subfield code="a">Dissent.</subfield>
          </datafield>
          <datafield tag="900" ind1="0" ind2=" ">
            <subfield code="b">MILL</subfield>
            <subfield code="d">B</subfield>
            <subfield code="f">HB97.5</subfield>
            <subfield code="f">.W5 1994</subfield>
            <subfield code="8">2220335390003569</subfield>
          </datafield>
          <datafield tag="995" ind1=" " ind2=" ">
            <subfield code="ff">2220335390003569</subfield>
            <subfield code="u">1</subfield>
            <subfield code="j">0</subfield>
            <subfield code="aa">B</subfield>
            <subfield code="t">BOOK</subfield>
            <subfield code="s">33151006588539</subfield>
            <subfield code="z">B</subfield>
            <subfield code="q">ON_RESERVE: N | RESERVE_CHARGES: 0 | RECALLS_PLACED: 0 | HOLDS_PLACED: 0 | HISTORICAL_BOOKINGS: 0 | SHORT_LOAN_CHARGES: 0 | </subfield>
            <subfield code="a">2320335380003569</subfield>
            <subfield code="c">B</subfield>
            <subfield code="bb">HB97.5 .W5 1994</subfield>
            <subfield code="v">false</subfield>
            <subfield code="b">0</subfield>
            <subfield code="r">Suppressed for Renovation</subfield>
            <subfield code="h">MILL</subfield>
            <subfield code="i">MILL</subfield>
          </datafield>
        </record>
      </metadata>
    </record>