
    <record>
      <header>
        <identifier>oai:alma.01SSHELCOMILLRSVL:994936103569</identifier>
        <datestamp>2019-09-25T00:58:12Z</datestamp>
        <setSpec>IndexDataHoldItemPhysicalTitles</setSpec>
        <setSpec>EDS:Set01</setSpec>
        <setSpec>IndexDataHoldItem</setSpec>
      </header>
      <metadata>
        <record xmlns="http://www.loc.gov/MARC21/slim" xmlns:xsi="http://www.w3.org/2001/XMLSchema-instance" xsi:schemaLocation="http://www.loc.gov/MARC21/slim http://www.loc.gov/standards/marcxml/schema/MARC21slim.xsd" >
          <leader>00696cam a2200229Ia 4500</leader>
          <controlfield tag="005">20130826120217.0</controlfield>
          <controlfield tag="008">851023s1951    nyu           000 0 eng d</controlfield>
          <controlfield tag="001">994936103569</controlfield>
          <datafield tag="035" ind1=" " ind2=" ">
            <subfield code="9">354072</subfield>
          </datafield>
          <datafield tag="035" ind1=" " ind2=" ">
            <subfield code="a">ocm12709195</subfield>
          </datafield>
          <datafield tag="035" ind1=" " ind2=" ">
            <subfield code="a">493</subfield>
          </datafield>
          <datafield tag="035" ind1=" " ind2=" ">
            <subfield code="a">(PMilS)493-millerdb-Voyager</subfield>
          </datafield>
          <datafield tag="040" ind1=" " ind2=" ">
            <subfield code="a">TOL</subfield>
            <subfield code="c">TOL</subfield>
          </datafield>
          <datafield tag="049" ind1=" " ind2=" ">
            <subfield code="a">MVSE</subfield>
          </datafield>
          <datafield tag="050" ind1=" " ind2=" ">
            <subfield code="a">PS3531.O82</subfield>
            <subfield code="b">Z87 1951</subfield>
          </datafield>
          <datafield tag="092" ind1=" " ind2=" ">
            <subfield code="a">097.1</subfield>
            <subfield code="b">V676p, 1951</subfield>
          </datafield>
          <datafield tag="100" ind1="1" ind2=" ">
            <subfield code="a">Viereck, Peter,</subfield>
            <subfield code="d">1916-2006.</subfield>
          </datafield>
          <datafield tag="245" ind1="1" ind2="0">
            <subfield code="a">Pure poetry, impure politics, and Ezra Pound /</subfield>
            <subfield code="c">by Peter Viereck.</subfield>
          </datafield>
          <datafield tag="260" ind1=" " ind2=" ">
            <subfield code="a">New York :</subfield>
            <subfield code="b">Commentary,</subfield>
            <subfield code="c">1951.</subfield>
          </datafield>
          <datafield tag="300" ind1=" " ind2=" ">
            <subfield code="a">[4, i.e., p. 340-346] ;</subfield>
            <subfield code="c">24 cm.</subfield>
          </datafield>
          <datafield tag="500" ind1=" " ind2=" ">
            <subfield code="a">"A reprint from Commentary April, 1951, p. 340-346."</subfield>
          </datafield>
          <datafield tag="500" ind1=" " ind2=" ">
            <subfield code="a">Library's copy inscribed by author.</subfield>
          </datafield>
          <datafield tag="600" ind1="1" ind2="0">
            <subfield code="a">Pound, Ezra,</subfield>
            <subfield code="d">1885-1972.</subfield>
          </datafield>
          <datafield tag="900" ind1="1" ind2=" ">
            <subfield code="b">MILL</subfield>
            <subfield code="d">SCRBD</subfield>
            <subfield code="f">097.1</subfield>
            <subfield code="f">V676p 1951</subfield>
            <subfield code="8">2220347370003569</subfield>
          </datafield>
          <datafield tag="995" ind1=" " ind2=" ">
            <subfield code="ff">2220347370003569</subfield>
            <subfield code="u">1</subfield>
            <subfield code="j">1</subfield>
            <subfield code="aa">SCRBD</subfield>
            <subfield code="t">BOOK</subfield>
            <subfield code="s">33151006585725</subfield>
            <subfield code="z">SCRBD</subfield>
            <subfield code="q">ON_RESERVE: N | RESERVE_CHARGES: 0 | RECALLS_PLACED: 0 | HOLDS_PLACED: 0 | HISTORICAL_BOOKINGS: 0 | SHORT_LOAN_CHARGES: 0 | </subfield>
            <subfield code="a">2320347360003569</subfield>
            <subfield code="c">SCRB</subfield>
            <subfield code="bb">097.1 V676p 1951</subfield>
            <subfield code="v">false</subfield>
            <subfield code="b">0</subfield>
            <subfield code="r">Suppressed for Renovation</subfield>
            <subfield code="h">MILL</subfield>
            <subfield code="i">MILL</subfield>
          </datafield>
        </record>
      </metadata>
    </record>