
    <record>
      <header>
        <identifier>oai:alma.01SSHELCOMILLRSVL:995036103569</identifier>
        <datestamp>2019-09-25T00:58:12Z</datestamp>
        <setSpec>IndexDataHoldItemPhysicalTitles</setSpec>
        <setSpec>EDS:Set01</setSpec>
        <setSpec>IndexDataHoldItem</setSpec>
      </header>
      <metadata>
        <record xmlns="http://www.loc.gov/MARC21/slim" xmlns:xsi="http://www.w3.org/2001/XMLSchema-instance" xsi:schemaLocation="http://www.loc.gov/MARC21/slim http://www.loc.gov/standards/marcxml/schema/MARC21slim.xsd" >
          <leader>03420cam a2200349Ia 4500</leader>
          <controlfield tag="005">20130826120215.0</controlfield>
          <controlfield tag="008">841120s1839    pauaf         001 0 eng d</controlfield>
          <controlfield tag="001">995036103569</controlfield>
          <datafield tag="035" ind1=" " ind2=" ">
            <subfield code="z">354077</subfield>
          </datafield>
          <datafield tag="035" ind1=" " ind2=" ">
            <subfield code="a">ocm11407295</subfield>
          </datafield>
          <datafield tag="035" ind1=" " ind2=" ">
            <subfield code="a">503</subfield>
          </datafield>
          <datafield tag="035" ind1=" " ind2=" ">
            <subfield code="a">(PMilS)503-millerdb-Voyager</subfield>
          </datafield>
          <datafield tag="040" ind1=" " ind2=" ">
            <subfield code="a">SBH</subfield>
            <subfield code="c">SBH</subfield>
          </datafield>
          <datafield tag="049" ind1=" " ind2=" ">
            <subfield code="a">MVSE</subfield>
          </datafield>
          <datafield tag="090" ind1=" " ind2=" ">
            <subfield code="a">Z240.P45</subfield>
            <subfield code="b">TC46 W57x 1839</subfield>
          </datafield>
          <datafield tag="092" ind1=" " ind2=" ">
            <subfield code="a">093</subfield>
            <subfield code="b">PTC361, 1839</subfield>
          </datafield>
          <datafield tag="096" ind1=" " ind2=" ">
            <subfield code="a">QS W817s 1839</subfield>
          </datafield>
          <datafield tag="100" ind1="1" ind2=" ">
            <subfield code="a">Wistar, Caspar,</subfield>
            <subfield code="d">1761-1818.</subfield>
          </datafield>
          <datafield tag="245" ind1="1" ind2="2">
            <subfield code="a">A system of anatomy for the use of students of medicine /</subfield>
            <subfield code="c">by Caspar Wistar ; with notes and additions by William E. Horner.</subfield>
          </datafield>
          <datafield tag="250" ind1=" " ind2=" ">
            <subfield code="a">7th ed.,</subfield>
            <subfield code="b">entirely remodeled and illustrated by numerous engravings by J. Pancoast.</subfield>
          </datafield>
          <datafield tag="260" ind1=" " ind2=" ">
            <subfield code="a">Philadelphia :</subfield>
            <subfield code="b">Thomas, Cowperthwait,</subfield>
            <subfield code="c">1839, 1838.</subfield>
          </datafield>
          <datafield tag="300" ind1=" " ind2=" ">
            <subfield code="a">2 v. :</subfield>
            <subfield code="b">ill. ;</subfield>
            <subfield code="c">23 cm.</subfield>
          </datafield>
          <datafield tag="500" ind1=" " ind2=" ">
            <subfield code="a">On spine: Pancoast's Wistar.</subfield>
          </datafield>
          <datafield tag="505" ind1="0" ind2=" ">
            <subfield code="a">Vol. 1. Pt. 1. Osteology -- Ch. 1. General anatomy of the osseous system -- Ch. 2. Of the skeleton and its different parts -- Pt. 2. Syndesmology -- Ch. 3. General anatomy of the ligamentous, fibrous, or desmoid tissue -- Ch. 4. Of the articulations -- Ch. 5. Of particular articulations -- Ch. 6. Of some particular ligaments, and of the situation of the individual bursæ -- Pt. 3. Myology -- Ch. 7. General anatomy of muscles -- Ch. 8. Of the individual muscles -- Ch. 9. Observations on the motions of the skeleton -- Pt. 4. Of the general integuments, or of the cellular membrane and skin -- Ch. 10. Of the cellular membrane -- Ch. 11. Of the skin -- Pt. 5. Of the nose, mouth, and throat -- Ch. 12. Of the nose -- Ch. 13. Of the mouth -- Ch. 14. Of the throat -- Pt. 6. Of the thorax -- Ch. 15. General cavity of the thorax -- Ch. 16. Of the heart, pericardium, and the great vessels connected with the heart -- Ch. 17. Of the trachea and lungs.</subfield>
          </datafield>
          <datafield tag="505" ind1="0" ind2=" ">
            <subfield code="a">Vol. 2. Pt. 7. Of the abdomen -- Ch. 1. General view of the abdomen and pelvis, and their contents; general anatomy of the serous tissues; of the peritoneum -- Ch. 2. General struction of the alimentary canal; of the œsophagus, stomach, intestines, etc. -- Ch. 3. Of the liver, pancreas, and spleen -- Ch. 14. Of the urinary organs and glandulæ renales -- Ch. 5. Of the male organs of regeneration -- Ch. 6. Of the female organs of generation -- Pt. 8. General anatomy of the sanguiferous system -- Ch. 7. Blood-vessels in general; general anatomy of the arterial syste; of the heart; of the venous system -- Ch. 8. Distribution of the arteries -- Ch. 9. Of the particular distribution of the veins -- Pt. 9. General anatomy of the absorbent system -- Ch. 10. Absorbents of the lower extremities, abdomen and thorax -- Ch. 11. Obsorbents of the head and neck, upper extremities, and upper part of the trunk of the body -- Pt. 10. Of the brain and spinal marrow, of the eye and the ear -- Ch. 12. Of the brain -- Ch. 13. Of the spinal marrow -- Ch. 14. Of the eye -- Ch. 15. Of the ear -- Pt. 11. Of the nerves -- Ch. 16. General anatomy of the nervous system -- Ch. 17. Of the special anatomy of the spinal marrow and brain, as described from below upwards.</subfield>
          </datafield>
          <datafield tag="504" ind1=" " ind2=" ">
            <subfield code="a">Includes bibliographical references and index.</subfield>
          </datafield>
          <datafield tag="510" ind1="4" ind2=" ">
            <subfield code="a">American Imprints</subfield>
            <subfield code="c">59312.</subfield>
          </datafield>
          <datafield tag="650" ind1=" " ind2="0">
            <subfield code="a">Anatomy.</subfield>
          </datafield>
          <datafield tag="650" ind1=" " ind2="0">
            <subfield code="a">Human anatomy.</subfield>
          </datafield>
          <datafield tag="650" ind1=" " ind2="0">
            <subfield code="a">Human anatomy</subfield>
            <subfield code="x">Study and teaching.</subfield>
          </datafield>
          <datafield tag="700" ind1="1" ind2=" ">
            <subfield code="a">Horner, William E.</subfield>
            <subfield code="q">(William Edmonds),</subfield>
            <subfield code="d">1793-1853.</subfield>
          </datafield>
          <datafield tag="700" ind1="1" ind2=" ">
            <subfield code="a">Pancoast, Joseph,</subfield>
            <subfield code="d">1805-1882.</subfield>
          </datafield>
          <datafield tag="710" ind1="2" ind2=" ">
            <subfield code="a">Thomas, Cowperthwait &amp; Co.</subfield>
            <subfield code="c">Philadelphia, Pa.</subfield>
            <subfield code="f">1839.</subfield>
          </datafield>
          <datafield tag="900" ind1="0" ind2=" ">
            <subfield code="b">MILL</subfield>
            <subfield code="d">SCRB</subfield>
            <subfield code="f">Z240.P45</subfield>
            <subfield code="f">TC46 W57x 1839</subfield>
            <subfield code="8">2220340290003569</subfield>
          </datafield>
          <datafield tag="900" ind1="4" ind2="1">
            <subfield code="g">vol. 1-2</subfield>
            <subfield code="8">2220340290003569</subfield>
          </datafield>
          <datafield tag="995" ind1=" " ind2=" ">
            <subfield code="ff">2220340290003569</subfield>
            <subfield code="u">1</subfield>
            <subfield code="j">0</subfield>
            <subfield code="aa">SCRB</subfield>
            <subfield code="t">BOOK</subfield>
            <subfield code="s">33151006585592</subfield>
            <subfield code="z">SCRB</subfield>
            <subfield code="q">ON_RESERVE: N | RESERVE_CHARGES: 0 | RECALLS_PLACED: 0 | HOLDS_PLACED: 0 | HISTORICAL_BOOKINGS: 0 | SHORT_LOAN_CHARGES: 0 | </subfield>
            <subfield code="a">2320340260003569</subfield>
            <subfield code="c">SCRB</subfield>
            <subfield code="bb">Z240.P45 TC46 W57x 1839</subfield>
            <subfield code="v">false</subfield>
            <subfield code="b">0</subfield>
            <subfield code="g">vol. 1</subfield>
            <subfield code="r">Suppressed for Renovation</subfield>
            <subfield code="e">vol. 1</subfield>
            <subfield code="h">MILL</subfield>
            <subfield code="i">MILL</subfield>
          </datafield>
          <datafield tag="995" ind1=" " ind2=" ">
            <subfield code="ff">2220340290003569</subfield>
            <subfield code="u">1</subfield>
            <subfield code="j">0</subfield>
            <subfield code="aa">SCRB</subfield>
            <subfield code="t">BOOK</subfield>
            <subfield code="s">33151006585535</subfield>
            <subfield code="z">SCRB</subfield>
            <subfield code="q">ON_RESERVE: N | RESERVE_CHARGES: 0 | RECALLS_PLACED: 0 | HOLDS_PLACED: 0 | HISTORICAL_BOOKINGS: 0 | SHORT_LOAN_CHARGES: 0 | </subfield>
            <subfield code="a">2320340240003569</subfield>
            <subfield code="c">SCRB</subfield>
            <subfield code="bb">Z240.P45 TC46 W57x 1839</subfield>
            <subfield code="v">false</subfield>
            <subfield code="b">0</subfield>
            <subfield code="g">vol. 2</subfield>
            <subfield code="r">Suppressed for Renovation</subfield>
            <subfield code="e">vol. 2</subfield>
            <subfield code="h">MILL</subfield>
            <subfield code="i">MILL</subfield>
          </datafield>
        </record>
      </metadata>
    </record>