
    <record>
      <header>
        <identifier>oai:alma.01SSHELCOMILLRSVL:99476103569</identifier>
        <datestamp>2019-09-25T00:58:12Z</datestamp>
        <setSpec>IndexDataHoldItemPhysicalTitles</setSpec>
        <setSpec>EDS:Set01</setSpec>
        <setSpec>IndexDataHoldItem</setSpec>
      </header>
      <metadata>
        <record xmlns="http://www.loc.gov/MARC21/slim" xmlns:xsi="http://www.w3.org/2001/XMLSchema-instance" xsi:schemaLocation="http://www.loc.gov/MARC21/slim http://www.loc.gov/standards/marcxml/schema/MARC21slim.xsd" >
          <leader>01486cam a2200409 a 4500</leader>
          <controlfield tag="005">20130823105911.0</controlfield>
          <controlfield tag="008">951027s1995    dcua     b   f000 0 eng d</controlfield>
          <controlfield tag="001">99476103569</controlfield>
          <datafield tag="010" ind1=" " ind2=" ">
            <subfield code="a">   95219837 </subfield>
          </datafield>
          <datafield tag="020" ind1=" " ind2=" ">
            <subfield code="a">0160483441</subfield>
          </datafield>
          <datafield tag="020" ind1=" " ind2=" ">
            <subfield code="a">9780160483448</subfield>
          </datafield>
          <datafield tag="035" ind1=" " ind2=" ">
            <subfield code="a">(OCoLC)ocm33383762</subfield>
          </datafield>
          <datafield tag="035" ind1=" " ind2=" ">
            <subfield code="a">(OCoLC)33383762</subfield>
          </datafield>
          <datafield tag="035" ind1=" " ind2=" ">
            <subfield code="a">47</subfield>
          </datafield>
          <datafield tag="035" ind1=" " ind2=" ">
            <subfield code="a">(PMilS)47-millerdb-Voyager</subfield>
          </datafield>
          <datafield tag="037" ind1=" " ind2=" ">
            <subfield code="a">052-003-01452-1</subfield>
            <subfield code="b">GPO</subfield>
          </datafield>
          <datafield tag="040" ind1=" " ind2=" ">
            <subfield code="a">DBI</subfield>
            <subfield code="c">DLC</subfield>
            <subfield code="d">DBI</subfield>
            <subfield code="d">GAO</subfield>
            <subfield code="d">GPO</subfield>
            <subfield code="d">OCLCQ</subfield>
            <subfield code="d">BTCTA</subfield>
            <subfield code="d">MVS</subfield>
          </datafield>
          <datafield tag="042" ind1=" " ind2=" ">
            <subfield code="a">lccopycat</subfield>
          </datafield>
          <datafield tag="043" ind1=" " ind2=" ">
            <subfield code="a">r------</subfield>
            <subfield code="a">pn-----</subfield>
            <subfield code="a">e-ur---</subfield>
          </datafield>
          <datafield tag="049" ind1=" " ind2=" ">
            <subfield code="a">MVSS</subfield>
          </datafield>
          <datafield tag="050" ind1="0" ind2="0">
            <subfield code="a">TD196.R3</subfield>
            <subfield code="b">N84 1995</subfield>
          </datafield>
          <datafield tag="074" ind1=" " ind2=" ">
            <subfield code="a">1070-M</subfield>
          </datafield>
          <datafield tag="074" ind1=" " ind2=" ">
            <subfield code="a">1070-M (online)</subfield>
          </datafield>
          <datafield tag="082" ind1="0" ind2="0">
            <subfield code="a">363.17/992/09113</subfield>
            <subfield code="2">20</subfield>
          </datafield>
          <datafield tag="086" ind1="0" ind2=" ">
            <subfield code="a">Y 3.T 22/2:2 AR 2</subfield>
          </datafield>
          <datafield tag="245" ind1="0" ind2="0">
            <subfield code="a">Nuclear wastes in the Arctic :</subfield>
            <subfield code="b">an analysis of Arctic and other regional impacts from Soviet nuclear contamination.</subfield>
          </datafield>
          <datafield tag="246" ind1="3" ind2="0">
            <subfield code="a">Analysis of Arctic and other regional impacts from Soviet nuclear contamination</subfield>
          </datafield>
          <datafield tag="260" ind1=" " ind2=" ">
            <subfield code="a">Washington, D.C. :</subfield>
            <subfield code="b">United States Congress, Office of Technology Assessment,</subfield>
            <subfield code="c">1995.</subfield>
          </datafield>
          <datafield tag="300" ind1=" " ind2=" ">
            <subfield code="a">viii, 239 p. :</subfield>
            <subfield code="b">ill. ;</subfield>
            <subfield code="c">28 cm.</subfield>
          </datafield>
          <datafield tag="500" ind1=" " ind2=" ">
            <subfield code="a">Shipping list no.: 1996-0042-P.</subfield>
          </datafield>
          <datafield tag="500" ind1=" " ind2=" ">
            <subfield code="a">"September 1995."</subfield>
          </datafield>
          <datafield tag="504" ind1=" " ind2=" ">
            <subfield code="a">Includes bibliographical references.</subfield>
          </datafield>
          <datafield tag="650" ind1=" " ind2="0">
            <subfield code="a">Radioactive pollution</subfield>
            <subfield code="z">Arctic regions.</subfield>
          </datafield>
          <datafield tag="650" ind1=" " ind2="0">
            <subfield code="a">Radioactive pollution</subfield>
            <subfield code="z">North Pacific Ocean.</subfield>
          </datafield>
          <datafield tag="650" ind1=" " ind2="0">
            <subfield code="a">Radioactive waste disposal in the ocean</subfield>
            <subfield code="z">Soviet Union.</subfield>
          </datafield>
          <datafield tag="710" ind1="1" ind2=" ">
            <subfield code="a">United States.</subfield>
            <subfield code="b">Congress.</subfield>
            <subfield code="b">Office of Technology Assessment.</subfield>
          </datafield>
          <datafield tag="938" ind1=" " ind2=" ">
            <subfield code="a">Baker and Taylor</subfield>
            <subfield code="b">BTCP</subfield>
            <subfield code="n">95219837</subfield>
          </datafield>
          <datafield tag="994" ind1=" " ind2=" ">
            <subfield code="a">C0</subfield>
            <subfield code="b">MVS</subfield>
          </datafield>
          <datafield tag="900" ind1="0" ind2=" ">
            <subfield code="b">MILL</subfield>
            <subfield code="d">B</subfield>
            <subfield code="f">TD196.R3</subfield>
            <subfield code="f">N84 1995</subfield>
            <subfield code="8">2220358440003569</subfield>
          </datafield>
          <datafield tag="995" ind1=" " ind2=" ">
            <subfield code="ff">2220358440003569</subfield>
            <subfield code="u">1</subfield>
            <subfield code="j">0</subfield>
            <subfield code="aa">B</subfield>
            <subfield code="t">BOOK</subfield>
            <subfield code="s">33151008881239</subfield>
            <subfield code="z">B</subfield>
            <subfield code="q">ON_RESERVE: N | RESERVE_CHARGES: 0 | RECALLS_PLACED: 0 | HOLDS_PLACED: 0 | HISTORICAL_BOOKINGS: 0 | SHORT_LOAN_CHARGES: 0 | </subfield>
            <subfield code="a">2320358430003569</subfield>
            <subfield code="c">GD</subfield>
            <subfield code="bb">TD196.R3 N84 1995</subfield>
            <subfield code="v">false</subfield>
            <subfield code="b">0</subfield>
            <subfield code="r">Suppressed for Renovation</subfield>
            <subfield code="h">MILL</subfield>
            <subfield code="i">MILL</subfield>
          </datafield>
        </record>
      </metadata>
    </record>