
    <record>
      <header>
        <identifier>oai:alma.01SSHELCOMILLRSVL:993996103569</identifier>
        <datestamp>2019-09-25T00:58:12Z</datestamp>
        <setSpec>IndexDataHoldItemPhysicalTitles</setSpec>
        <setSpec>EDS:Set01</setSpec>
        <setSpec>IndexDataHoldItem</setSpec>
        <setSpec>EDS:Set03</setSpec>
      </header>
      <metadata>
        <record xmlns="http://www.loc.gov/MARC21/slim" xmlns:xsi="http://www.w3.org/2001/XMLSchema-instance" xsi:schemaLocation="http://www.loc.gov/MARC21/slim http://www.loc.gov/standards/marcxml/schema/MARC21slim.xsd" >
          <leader>01885cam a2200433Ia 4500</leader>
          <controlfield tag="005">20130918170459.0</controlfield>
          <controlfield tag="007">he bmb024bbca</controlfield>
          <controlfield tag="008">951127s1995    dcuab   bb   f001 0 eng d</controlfield>
          <controlfield tag="001">993996103569</controlfield>
          <datafield tag="035" ind1=" " ind2=" ">
            <subfield code="a">(GPO)99210229</subfield>
          </datafield>
          <datafield tag="035" ind1=" " ind2=" ">
            <subfield code="a">(OCoLC)ocm33805097</subfield>
          </datafield>
          <datafield tag="035" ind1=" " ind2=" ">
            <subfield code="a">399</subfield>
          </datafield>
          <datafield tag="035" ind1=" " ind2=" ">
            <subfield code="a">(PMilS)399-millerdb-Voyager</subfield>
          </datafield>
          <datafield tag="040" ind1=" " ind2=" ">
            <subfield code="a">GPO</subfield>
            <subfield code="c">GPO</subfield>
            <subfield code="d">GPO</subfield>
            <subfield code="d">MvI</subfield>
          </datafield>
          <datafield tag="043" ind1=" " ind2=" ">
            <subfield code="a">n------</subfield>
          </datafield>
          <datafield tag="049" ind1=" " ind2=" ">
            <subfield code="a">MVSS</subfield>
          </datafield>
          <datafield tag="050" ind1=" " ind2="4">
            <subfield code="a">S21</subfield>
            <subfield code="b">.A37 no.706</subfield>
          </datafield>
          <datafield tag="074" ind1=" " ind2=" ">
            <subfield code="a">0003 (MF)</subfield>
          </datafield>
          <datafield tag="074" ind1=" " ind2=" ">
            <subfield code="a">0003 (online)</subfield>
          </datafield>
          <datafield tag="086" ind1="0" ind2=" ">
            <subfield code="a">A 1.76:706</subfield>
          </datafield>
          <datafield tag="100" ind1="1" ind2=" ">
            <subfield code="a">Solomon, J. D.</subfield>
            <subfield code="q">(James Doyle),</subfield>
            <subfield code="d">1934-</subfield>
          </datafield>
          <datafield tag="245" ind1="1" ind2="0">
            <subfield code="a">Guide to insect borers in North American broadleaf trees and shrubs</subfield>
            <subfield code="h">[microform] /</subfield>
            <subfield code="c">J.D. Solomon.</subfield>
          </datafield>
          <datafield tag="260" ind1=" " ind2=" ">
            <subfield code="a">[Washington, D.C.?] :</subfield>
            <subfield code="b">U.S. Dept. of Agriculture, Forest Service,</subfield>
            <subfield code="c">[1995]</subfield>
          </datafield>
          <datafield tag="300" ind1=" " ind2=" ">
            <subfield code="a">viii, 735 p. :</subfield>
            <subfield code="b">ill., maps ;</subfield>
            <subfield code="c">22 cm.</subfield>
          </datafield>
          <datafield tag="490" ind1="1" ind2=" ">
            <subfield code="a">Agriculture handbook ;</subfield>
            <subfield code="v">AH-706</subfield>
          </datafield>
          <datafield tag="500" ind1=" " ind2=" ">
            <subfield code="a">Cover title.</subfield>
          </datafield>
          <datafield tag="500" ind1=" " ind2=" ">
            <subfield code="a">Distributed to depository libraries in microfiche.</subfield>
          </datafield>
          <datafield tag="500" ind1=" " ind2=" ">
            <subfield code="a">Shipping list no.: 96-0013-M.</subfield>
          </datafield>
          <datafield tag="504" ind1=" " ind2=" ">
            <subfield code="a">Includes bibliographical references (p. 699-735) and index.</subfield>
          </datafield>
          <datafield tag="533" ind1=" " ind2=" ">
            <subfield code="a">Microfiche.</subfield>
            <subfield code="b">[Washington, D.C.?] :</subfield>
            <subfield code="c">Supt. of Docs., U.S. G.P.O.,</subfield>
            <subfield code="d">[1995].</subfield>
            <subfield code="e">8 microfiches : negative.</subfield>
          </datafield>
          <datafield tag="530" ind1=" " ind2=" ">
            <subfield code="a">Also available via Internet from the Forest Service web site. Address as of 6/06/07: http://www.srs.fs.usda.gov/pubs/misc/ah%5F706/ah-706.htm ; current access is available via PURL.</subfield>
          </datafield>
          <datafield tag="650" ind1=" " ind2="0">
            <subfield code="a">Hardwoods</subfield>
            <subfield code="x">Diseases and pests</subfield>
            <subfield code="z">North America</subfield>
            <subfield code="x">Identification.</subfield>
          </datafield>
          <datafield tag="650" ind1=" " ind2="0">
            <subfield code="a">Hardwoods</subfield>
            <subfield code="x">Diseases and pests</subfield>
            <subfield code="x">Control</subfield>
            <subfield code="z">North America.</subfield>
          </datafield>
          <datafield tag="650" ind1=" " ind2="0">
            <subfield code="a">Trees</subfield>
            <subfield code="x">Diseases and pests</subfield>
            <subfield code="z">North America.</subfield>
          </datafield>
          <datafield tag="650" ind1=" " ind2="0">
            <subfield code="a">Borers (Insects)</subfield>
            <subfield code="x">Control</subfield>
            <subfield code="z">North America.</subfield>
          </datafield>
          <datafield tag="650" ind1=" " ind2="0">
            <subfield code="a">Woody plants</subfield>
            <subfield code="x">Diseases and pests</subfield>
            <subfield code="v">Identification.</subfield>
          </datafield>
          <datafield tag="710" ind1="1" ind2=" ">
            <subfield code="a">United States.</subfield>
            <subfield code="b">Forest Service.</subfield>
          </datafield>
          <datafield tag="830" ind1=" " ind2="0">
            <subfield code="a">Agriculture handbook (United States. Department of Agriculture) ;</subfield>
            <subfield code="v">no. 706.</subfield>
          </datafield>
          <datafield tag="856" ind1="4" ind2="1">
            <subfield code="u">http://purl.access.gpo.gov/GPO/LPS82272</subfield>
          </datafield>
          <datafield tag="949" ind1=" " ind2=" ">
            <subfield code="c">GD</subfield>
            <subfield code="d">A 1.76:706</subfield>
            <subfield code="t">LGD</subfield>
          </datafield>
          <datafield tag="900" ind1="3" ind2=" ">
            <subfield code="b">MILL</subfield>
            <subfield code="d">GDMC</subfield>
            <subfield code="f">A 1.76:706</subfield>
            <subfield code="8">2220310800003569</subfield>
          </datafield>
        </record>
      </metadata>
    </record>