
    <record>
      <header>
        <identifier>oai:alma.01SSHELCOMILLRSVL:99166103569</identifier>
        <datestamp>2019-09-25T00:58:12Z</datestamp>
        <setSpec>IndexDataHoldItemPhysicalTitles</setSpec>
        <setSpec>EDS:Set01</setSpec>
        <setSpec>IndexDataHoldItem</setSpec>
      </header>
      <metadata>
        <record xmlns="http://www.loc.gov/MARC21/slim" xmlns:xsi="http://www.w3.org/2001/XMLSchema-instance" xsi:schemaLocation="http://www.loc.gov/MARC21/slim http://www.loc.gov/standards/marcxml/schema/MARC21slim.xsd" >
          <leader>01588cam a2200445 a 4500</leader>
          <controlfield tag="005">20131024131348.0</controlfield>
          <controlfield tag="007">heubmb024bbca</controlfield>
          <controlfield tag="008">950913s1993    dcuab   bb   f000 0 eng d</controlfield>
          <controlfield tag="001">99166103569</controlfield>
          <datafield tag="035" ind1=" " ind2=" ">
            <subfield code="9">353825</subfield>
          </datafield>
          <datafield tag="035" ind1=" " ind2=" ">
            <subfield code="a">(GPO)96054523</subfield>
          </datafield>
          <datafield tag="035" ind1=" " ind2=" ">
            <subfield code="a">ocm33125448</subfield>
          </datafield>
          <datafield tag="035" ind1=" " ind2=" ">
            <subfield code="a">16</subfield>
          </datafield>
          <datafield tag="035" ind1=" " ind2=" ">
            <subfield code="a">(PMilS)16-millerdb-Voyager</subfield>
          </datafield>
          <datafield tag="040" ind1=" " ind2=" ">
            <subfield code="d">GPO</subfield>
            <subfield code="d">DLC</subfield>
            <subfield code="d">MvI</subfield>
          </datafield>
          <datafield tag="043" ind1=" " ind2=" ">
            <subfield code="a">sn-----</subfield>
          </datafield>
          <datafield tag="049" ind1=" " ind2=" ">
            <subfield code="a">MVSK</subfield>
          </datafield>
          <datafield tag="074" ind1=" " ind2=" ">
            <subfield code="a">0766-C-03 (MF)</subfield>
          </datafield>
          <datafield tag="086" ind1="0" ind2=" ">
            <subfield code="a">PREX 1.2:C 88</subfield>
          </datafield>
          <datafield tag="090" ind1=" " ind2=" ">
            <subfield code="a">HV5840.A5</subfield>
            <subfield code="b">L43 1993</subfield>
          </datafield>
          <datafield tag="100" ind1="1" ind2=" ">
            <subfield code="a">Lee, Rensselaer W.,</subfield>
            <subfield code="d">1937-</subfield>
          </datafield>
          <datafield tag="245" ind1="1" ind2="0">
            <subfield code="a">Crop substitution in the Andes</subfield>
            <subfield code="h">[microform] /</subfield>
            <subfield code="c">by Rensselaer Lee and Patrick Clawson.</subfield>
          </datafield>
          <datafield tag="260" ind1=" " ind2=" ">
            <subfield code="a">[Washington, D.C. :</subfield>
            <subfield code="b">Office of National Drug Control Policy, Executive Office of the President,</subfield>
            <subfield code="c">1993]</subfield>
          </datafield>
          <datafield tag="300" ind1=" " ind2=" ">
            <subfield code="a">vi, 72 p. :</subfield>
            <subfield code="b">ill., maps ;</subfield>
            <subfield code="c">28 cm.</subfield>
          </datafield>
          <datafield tag="490" ind1="1" ind2=" ">
            <subfield code="a">ONDCP paper</subfield>
          </datafield>
          <datafield tag="500" ind1=" " ind2=" ">
            <subfield code="a">Distributed to depository libraries in microfiche.</subfield>
          </datafield>
          <datafield tag="500" ind1=" " ind2=" ">
            <subfield code="a">Shipping list no.: 95-0626-M.</subfield>
          </datafield>
          <datafield tag="500" ind1=" " ind2=" ">
            <subfield code="a">"December 1993."</subfield>
          </datafield>
          <datafield tag="504" ind1=" " ind2=" ">
            <subfield code="a">Includes bibliographical references.</subfield>
          </datafield>
          <datafield tag="533" ind1=" " ind2=" ">
            <subfield code="a">Microfiche.</subfield>
            <subfield code="b">[Washington, D.C.?] :</subfield>
            <subfield code="c">Supt. of Docs., U.S. G.P.O.,</subfield>
            <subfield code="d">[1995]</subfield>
            <subfield code="e">1 microfiche : negative.</subfield>
          </datafield>
          <datafield tag="650" ind1=" " ind2="0">
            <subfield code="a">Coca</subfield>
            <subfield code="x">Economic aspects</subfield>
            <subfield code="z">Andes Region.</subfield>
          </datafield>
          <datafield tag="650" ind1=" " ind2="0">
            <subfield code="a">Coca industry</subfield>
            <subfield code="z">Andes Region.</subfield>
          </datafield>
          <datafield tag="650" ind1=" " ind2="0">
            <subfield code="a">Drug control</subfield>
            <subfield code="z">Andes Region.</subfield>
          </datafield>
          <datafield tag="650" ind1=" " ind2="0">
            <subfield code="a">Crop rotation</subfield>
            <subfield code="z">Andes Region.</subfield>
          </datafield>
          <datafield tag="650" ind1=" " ind2="0">
            <subfield code="a">Plant introduction</subfield>
            <subfield code="z">Andes Region.</subfield>
          </datafield>
          <datafield tag="651" ind1=" " ind2="0">
            <subfield code="a">Andes Region</subfield>
            <subfield code="x">Economic conditions.</subfield>
          </datafield>
          <datafield tag="700" ind1="1" ind2=" ">
            <subfield code="a">Clawson, Patrick,</subfield>
            <subfield code="d">1951-</subfield>
          </datafield>
          <datafield tag="710" ind1="1" ind2=" ">
            <subfield code="a">United States.</subfield>
            <subfield code="b">Office of National Drug Control Policy.</subfield>
          </datafield>
          <datafield tag="776" ind1="1" ind2=" ">
            <subfield code="c">Original</subfield>
            <subfield code="w">(DLC)94-197037</subfield>
          </datafield>
          <datafield tag="830" ind1=" " ind2="0">
            <subfield code="a">ONDCP paper.</subfield>
          </datafield>
          <datafield tag="948" ind1=" " ind2=" ">
            <subfield code="c">GD</subfield>
            <subfield code="d">PREX 1.2:C 88</subfield>
            <subfield code="t">LGD</subfield>
          </datafield>
          <datafield tag="900" ind1="3" ind2=" ">
            <subfield code="b">MILL</subfield>
            <subfield code="d">GDMC</subfield>
            <subfield code="f">PREX 1.2:C 88</subfield>
            <subfield code="8">2220311250003569</subfield>
          </datafield>
        </record>
      </metadata>
    </record>