
    <record>
      <header>
        <identifier>oai:alma.01SSHELCOMILLRSVL:99186103569</identifier>
        <datestamp>2019-09-25T00:58:12Z</datestamp>
        <setSpec>IndexDataHoldItemPhysicalTitles</setSpec>
        <setSpec>EDS:Set01</setSpec>
        <setSpec>IndexDataHoldItem</setSpec>
      </header>
      <metadata>
        <record xmlns="http://www.loc.gov/MARC21/slim" xmlns:xsi="http://www.w3.org/2001/XMLSchema-instance" xsi:schemaLocation="http://www.loc.gov/MARC21/slim http://www.loc.gov/standards/marcxml/schema/MARC21slim.xsd" >
          <leader>00924pam a2200289 a 4500</leader>
          <controlfield tag="005">20130822201434.0</controlfield>
          <controlfield tag="008">840525s1984    enk      b    001 0 eng  </controlfield>
          <controlfield tag="001">99186103569</controlfield>
          <datafield tag="010" ind1=" " ind2=" ">
            <subfield code="a">   84001027 </subfield>
          </datafield>
          <datafield tag="020" ind1=" " ind2=" ">
            <subfield code="a">0197100392 :</subfield>
            <subfield code="c">$35.95</subfield>
          </datafield>
          <datafield tag="035" ind1=" " ind2=" ">
            <subfield code="9">186558</subfield>
          </datafield>
          <datafield tag="035" ind1=" " ind2=" ">
            <subfield code="a">ocm10850462</subfield>
          </datafield>
          <datafield tag="035" ind1=" " ind2=" ">
            <subfield code="a">18</subfield>
          </datafield>
          <datafield tag="035" ind1=" " ind2=" ">
            <subfield code="a">(PMilS)18-millerdb-Voyager</subfield>
          </datafield>
          <datafield tag="040" ind1=" " ind2=" ">
            <subfield code="a">DLC</subfield>
            <subfield code="c">DLC</subfield>
            <subfield code="d">MVS</subfield>
          </datafield>
          <datafield tag="049" ind1=" " ind2=" ">
            <subfield code="a">MVSS</subfield>
          </datafield>
          <datafield tag="050" ind1="0" ind2=" ">
            <subfield code="a">BM520.6</subfield>
            <subfield code="b">.J33 1984</subfield>
          </datafield>
          <datafield tag="082" ind1="0" ind2=" ">
            <subfield code="a">296.1/8</subfield>
            <subfield code="2">19</subfield>
          </datafield>
          <datafield tag="092" ind1=" " ind2=" ">
            <subfield code="a">296.18</subfield>
            <subfield code="b">J153</subfield>
          </datafield>
          <datafield tag="100" ind1="1" ind2=" ">
            <subfield code="a">Jacobs, Louis.</subfield>
          </datafield>
          <datafield tag="245" ind1="1" ind2="2">
            <subfield code="a">A tree of life :</subfield>
            <subfield code="b">diversity, flexibility, and creativity in Jewish law /</subfield>
            <subfield code="c">Louis Jacobs.</subfield>
          </datafield>
          <datafield tag="260" ind1=" " ind2=" ">
            <subfield code="a">Oxford [Oxfordshire] ;</subfield>
            <subfield code="a">New York :</subfield>
            <subfield code="b">Published for the Littman Library by Oxford University Press,</subfield>
            <subfield code="c">1984.</subfield>
          </datafield>
          <datafield tag="300" ind1=" " ind2=" ">
            <subfield code="a">310 p. :</subfield>
            <subfield code="c">25 cm.</subfield>
          </datafield>
          <datafield tag="490" ind1="1" ind2=" ">
            <subfield code="a">Littman library of Jewish civilization</subfield>
          </datafield>
          <datafield tag="500" ind1=" " ind2=" ">
            <subfield code="a">Includes index.</subfield>
          </datafield>
          <datafield tag="504" ind1=" " ind2=" ">
            <subfield code="a">Bibliography: p. 278-293.</subfield>
          </datafield>
          <datafield tag="650" ind1=" " ind2="0">
            <subfield code="a">Jewish law</subfield>
            <subfield code="x">Philosophy.</subfield>
          </datafield>
          <datafield tag="830" ind1=" " ind2="0">
            <subfield code="a">Littman library of Jewish civilization (Series)</subfield>
          </datafield>
          <datafield tag="900" ind1="0" ind2=" ">
            <subfield code="b">MILL</subfield>
            <subfield code="d">B</subfield>
            <subfield code="f">BM520.6</subfield>
            <subfield code="f">.J33 1984</subfield>
            <subfield code="8">2220302630003569</subfield>
          </datafield>
          <datafield tag="995" ind1=" " ind2=" ">
            <subfield code="ff">2220302630003569</subfield>
            <subfield code="u">1</subfield>
            <subfield code="j">0</subfield>
            <subfield code="aa">B</subfield>
            <subfield code="t">BOOK</subfield>
            <subfield code="s">33151001863812</subfield>
            <subfield code="z">B</subfield>
            <subfield code="q">ON_RESERVE: N | RESERVE_CHARGES: 0 | RECALLS_PLACED: 0 | HOLDS_PLACED: 0 | HISTORICAL_BOOKINGS: 0 | SHORT_LOAN_CHARGES: 0 | </subfield>
            <subfield code="a">2320302620003569</subfield>
            <subfield code="c">B</subfield>
            <subfield code="bb">BM520.6 .J33 1984</subfield>
            <subfield code="v">false</subfield>
            <subfield code="b">0</subfield>
            <subfield code="r">Suppressed for Renovation</subfield>
            <subfield code="h">MILL</subfield>
            <subfield code="i">MILL</subfield>
          </datafield>
        </record>
      </metadata>
    </record>